3114 5194
716 562 982 632 ...ῃ-

563 725 601 784 tta
617 727 764 788 neurius
779 726 1002 802 maturantem
1017 729 1136 803 turma.

424 831 593 892 Colluviem
609 852 676 892 esse
694 834 829 912 linguam
848 836 1107 915 franco-gallicam
1127 837 1349 897 diversissimo-

346 955 413 995 rum
430 935 645 993 elementorum
665 938 789 1014 ejusque
802 937 896 995 verba
914 939 963 996 vel
983 948 1125 1015 corrupta
1144 939 1193 998 vel
1212 938 1350 998 mutilata

346 1055 413 1097 esse
426 1037 513 1126 multi
533 1037 660 1096 infensis
681 1038 790 1096 animis
804 1039 1008 1099 criminantur.
1038 1042 1081 1099 At
1093 1040 1222 1117 primum
1236 1039 1349 1110 nescio,

345 1160 384 1198 au
408 1139 521 1214 injuria
543 1138 665 1217 linguae
691 1140 889 1213 obtrectetur,
914 1143 994 1219 quod
1019 1161 1057 1201 ex
1082 1141 1187 1201 latinis
1209 1141 1307 1200 literis
1331 1159 1350 1198 a

341 1240 470 1316 juvenili
494 1239 603 1298 alacris
628 1241 761 1299 nationis
786 1241 903 1301 fervore
928 1245 1057 1321 arreptis
1082 1254 1150 1304 orta
1169 1245 1218 1304 sit.
1260 1240 1349 1316 Quod

345 1343 371 1422 si
391 1350 498 1418 postea
517 1340 633 1413 italica,
659 1341 817 1418 hispanica
840 1343 958 1421 aliaque
978 1347 1070 1404 verba
1093 1346 1348 1424 immigraverunt,
1406 1409 1408 1412 ,

343 1443 456 1503 similia
475 1443 581 1520 quavis
602 1443 633 1501 in
657 1443 762 1521 lingua
780 1443 983 1519 reperiuntur3
1007 1455 1096 1523 atque
1116 1447 1284 1524 quaeritur,
1308 1464 1347 1502 an

344 1544 496 1604 uberrima
524 1545 628 1622 lingua
655 1545 841 1622 germanica,
869 1563 946 1622 quas
971 1554 1018 1603 tot
1044 1548 1138 1606 verba
1166 1567 1206 1606 ex
1230 1547 1347 1606 franco·

343 1647 454 1724 gallica
473 1655 608 1706 mutuata
627 1646 682 1717 sit,
706 1645 829 1704 eandem
850 1665 939 1722 quam
958 1646 1187 1724 franco-gallica
1206 1649 1348 1706 virtutem

341 1748 512 1808 alienorum
541 1747 756 1804 elementorum
788 1765 843 1806 suo
873 1748 997 1824 ingenio
1025 1747 1347 1808 accommodandum

342 1850 480 1908 ediderit.
520 1847 561 1906 Et
581 1848 703 1906 omniuo
724 1847 829 1926 lingua
847 1849 958 1926 magis,
984 1867 1060 1927 quae
1079 1849 1232 1922 laudetur,
1256 1867 1346 1925 quam

342 1969 418 2028 quaa
442 1951 642 2026 vituperetur,
666 1949 759 2026 digna
779 1957 839 2021 est,
864 1950 891 2008 si
912 1960 1032 2010 servata
1053 1951 1179 2027 propria
1201 1957 1308 2008 natura
1327 1969 1346 2008 a

346 2050 497 2110 communi
522 2051 702 2110 commercio
726 2069 787 2108 non
813 2049 965 2110 abhorret.
989 2083 1028 2096 -
1054 2051 1250 2130 Etymologia
1274 2069 1347 2110 sane

340 2151 587 2229 franco-gallicae
600 2151 721 2230 linguae
736 2152 887 2210 interdum
901 2151 1081 2212 difficillima
1094 2161 1149 2224 est,
1170 2153 1223 2212 sed
1238 2152 1346 2229 vulgus

340 2253 601 2332 dauco-gallicum
620 2254 698 2314 hauc
718 2253 758 2311 ob
778 2272 900 2314 causam
920 2273 982 2314 non
1002 2255 1101 2314 miuus
1121 2273 1211 2331 quum
1231 2271 1346 2332 germa-

341 2357 442 2414 nicum
462 2357 510 2414 sui
531 2355 680 2414 sermonis
699 2355 830 2431 peritum
847 2365 902 2414 est.
938 2355 1137 2418 Germanicae
1157 2355 1275 2414 radices
1295 2374 1346 2430 pa-

341 2459 416 2516 riter
430 2455 592 2516 Germanis
612 2475 701 2533 quam
721 2456 967 2534 franco-gallicae
981 2457 1204 2534 Franco-gallis
1225 2457 1346 2532 ignotae

341 2567 420 2618 sunt
453 2558 555 2618 Altior
576 2557 711 2635 cognitio
730 2557 852 2636 linguae
872 2559 972 2620 ubivis
993 2559 1068 2618 viris
1088 2559 1195 2629 doctis,
1215 2575 1277 2616 uon
1292 2557 1345 2612 hu-

341 2660 407 2718 mili
420 2660 511 2737 vulgo
532 2660 603 2718 data
616 2667 670 2717 est.
690 2692 728 2700 -
747 2663 847 2737 Atque
867 2661 988 2739 linguae
1001 2661 1094 2720 verba
1113 2658 1270 2735 paullatim
1290 2657 1345 2716 im·

340 2770 507 2833 mutantur3
536 2761 645 2839 quodsi
669 2769 715 2820 tot
739 2761 869 2822 saeculis
899 2762 1114 2839 praeterlapsis
1139 2760 1232 2819 verba
1255 2759 1346 2818 aliam

340 2863 468 2922 sormam
481 2863 651 2936 induerunt,
671 2864 725 2922 vix
737 2863 876 2922 mutilata
893 2865 1114 2942 depravataque
1133 2863 1195 2922 dici
1208 2869 1345 2938 possunt

342 2963 424 3038 Quid
447 2973 537 3024 uocet
559 2967 661 3042 prisco
686 2974 808 3038 trunco,
830 2966 857 3026 si
882 2966 985 3027 aridos
1010 2984 1110 3024 ramos
1135 2963 1345 3033 deciderimus,

341 3076 375 3126 ut
395 3067 466 3126 novi
485 3067 764 3145 progerminentll)

674 3180 711 3239 tte
729 3180 837 3240 celticis
854 3180 1008 3240 merus.
1192 3255 1193 3258 Ἴ

418 3279 489 3340 Jam
512 3281 545 3340 in
570 3279 696 3340 exordio
721 3280 945 3340 dissertationis
965 3279 1102 3340 celticam
1124 3279 1258 3354 linguam
1278 3294 1346 3336 cum

341 3384 514 3462 germanica
530 3401 640 3460 magna
659 3383 880 3442 necessitudine
894 3385 1084 3458 conjunctam
1097 3396 1163 3437 asse
1183 3376 1345 3436 innuimus.

341 3489 442 3564 Atque
470 3483 588 3556 nescio,
617 3502 655 3542 an
685 3482 762 3540 hanc
791 3482 911 3558 quidem
939 3481 1119 3541 sententiam
1148 3480 1216 3555 ipsa
1238 3477 1346 3538 celtica

341 3588 449 3661 verba,
478 3595 512 3644 ut
544 3603 620 3664 quae
651 3582 794 3660 pleraque
827 3583 866 3641 ad
895 3584 1063 3642 teutonicas
1092 3579 1210 3642 radices
1239 3579 1346 3640 referri

342 3689 471 3766 possint,
491 3685 676 3757 confirment,
696 3693 742 3744 utt

394 3849 414 3900 1)
426 3849 473 3888 Jac.
486 3847 579 3897 Grimm,
595 3847 698 3887 deutsche
712 3847 814 3896 Gramm,
827 3846 862 3898 11,
875 3846 916 3886 tt:
942 3845 984 3886 Die
998 3845 1150 3886 wurzelreiche
1164 3844 1240 3884 iltests
1254 3839 1344 3890 sprache

342 3916 423 3957 ertrem
435 3917 482 3957 sich
494 3915 620 3965 lebendigsr
632 3925 709 3954 nmen
724 3915 770 3954 aad
782 3913 872 3961 vomer,
890 3913 926 3954 tar
938 3913 1003 3954 deren
1016 3913 1203 3966 uomvmdtssrutt
1215 3910 1260 3950 aud
1272 3909 1345 3948 beala-

341 3984 428 4036 hungeu
446 3985 481 4024 ihr
497 3983 546 4022 sine
563 3981 614 4022 ffille
632 3993 675 4022 rou
693 3983 793 4022 atlantea
810 3994 838 4022 ru
855 3983 932 4034 sabota
945 3983 1029 4024 stetten.
1055 3979 1208 4028 precurrere,
1225 3977 1298 4018 tudem
1312 3980 1344 4018 ste

341 4052 434 4092 wuneln
448 4051 553 4101 aulglebt,
566 4049 650 4092 atlante
664 4047 739 4088 tmren
752 4047 817 4098 litat,
834 4049 902 4089 strete
914 4049 981 4089 durch
995 4049 1112 4096 forderuug
1125 4048 1164 4085 der
1177 4045 1288 4096 abiaitung
1300 4045 1344 4084 und

342 4123 567 4168 rusmmenrstauuss,
579 4116 744 4167 hermucham
755 4117 800 4156 und
812 4117 955 4158 dsudtrtrkstt
968 4117 1007 4156 ω
1019 4123 1087 4165 sura
1100 4123 1127 4154 ru
1140 4114 1345 4155 sanotlkommu.
