<?xml version="1.0" encoding="UTF-8"?>
<!DOCTYPE html PUBLIC "-//W3C//DTD XHTML 1.0 Transitional//EN"
    "http://www.w3.org/TR/xhtml1/DTD/xhtml1-transitional.dtd">
<html xmlns="http://www.w3.org/1999/xhtml" xml:lang="en" lang="en">
 <head>
  <title>
</title>
<meta http-equiv="Content-Type" content="text/html;charset=utf-8" />
  <meta name='ocr-system' content='tesseract 3.04.00' />
  <meta name='ocr-capabilities' content='ocr_page ocr_carea ocr_par ocr_line ocrx_word'/>
</head>
<body>
  <div class='ocr_page' id='page_1' title='image "./deelementisgerm00schagoog_0017.png"; bbox 0 0 3114 5194; ppageno 0'>
   <div class='ocr_carea' id='block_1_1' title="bbox 713 515 994 582">
    <p class='ocr_par' dir='ltr' id='par_1_1' title="bbox 713 515 994 582">
     <span class='ocr_line' id='line_1_1' title="bbox 713 515 994 582; baseline 0 -18"><span class='ocrx_word' id='word_1_1' title='bbox 713 515 994 582; x_wconf 42' lang='lat' dir='ltr'><strong>mg-</strong></span> 
     </span>
    </p>
   </div>
   <div class='ocr_carea' id='block_1_2' title="bbox 591 758 1099 900">
    <p class='ocr_par' dir='ltr' id='par_1_2' title="bbox 591 758 1099 900">
     <span class='ocr_line' id='line_1_2' title="bbox 591 758 1099 900; baseline 0.002 -22"><span class='ocrx_word' id='word_1_2' title='bbox 591 795 631 882; x_wconf 89' lang='lat'><strong>1.</strong></span> <span class='ocrx_word' id='word_1_3' title='bbox 682 758 1099 900; x_wconf 72' lang='lat' dir='ltr'><strong>etymologia.</strong></span> 
     </span>
    </p>
   </div>
   <div class='ocr_carea' id='block_1_3' title="bbox 701 975 990 1052">
    <p class='ocr_par' dir='ltr' id='par_1_3' title="bbox 701 975 990 1052">
     <span class='ocr_line' id='line_1_3' title="bbox 701 975 990 1052; baseline 0 -16"><span class='ocrx_word' id='word_1_4' title='bbox 701 977 738 1036; x_wconf 77' lang='lat' dir='ltr'><strong>be</strong></span> <span class='ocrx_word' id='word_1_5' title='bbox 755 975 990 1052; x_wconf 79' lang='lat' dir='ltr'><strong>pronunciatione.</strong></span> 
     </span>
    </p>
   </div>
   <div class='ocr_carea' id='block_1_4' title="bbox 337 1100 1354 3724">
    <p class='ocr_par' dir='ltr' id='par_1_4' title="bbox 337 1100 1350 1893">
     <span class='ocr_line' id='line_1_4' title="bbox 418 1100 1347 1180; baseline -0.003 -20"><span class='ocrx_word' id='word_1_6' title='bbox 418 1101 539 1160; x_wconf 82' lang='lat' dir='ltr'>Primus</span> <span class='ocrx_word' id='word_1_7' title='bbox 564 1110 725 1161; x_wconf 86' lang='lat' dir='ltr'><strong>tractatum</strong></span> <span class='ocrx_word' id='word_1_8' title='bbox 748 1103 785 1160; x_wconf 86' lang='lat' dir='ltr'><strong>de</strong></span> <span class='ocrx_word' id='word_1_9' title='bbox 811 1102 998 1176; x_wconf 77' lang='lat' dir='ltr'><strong>„franciscae</strong></span> <span class='ocrx_word' id='word_1_10' title='bbox 1022 1102 1144 1180; x_wconf 79' lang='lat' dir='ltr'><strong>linguae</strong></span> <span class='ocrx_word' id='word_1_11' title='bbox 1168 1100 1347 1178; x_wconf 79' lang='lat' dir='ltr'><strong>pronuncia·</strong></span> 
     </span>
     <span class='ocr_line' id='line_1_5' title="bbox 341 1202 1349 1280; baseline -0.002 -18"><span class='ocrx_word' id='word_1_12' title='bbox 341 1202 445 1262; x_wconf 86' lang='lat' dir='ltr'><strong>tione“</strong></span> <span class='ocrx_word' id='word_1_13' title='bbox 456 1203 482 1278; x_wconf 82' lang='lat'><strong>1)</strong></span> <span class='ocrx_word' id='word_1_14' title='bbox 503 1203 598 1262; x_wconf 85' lang='lat' dir='ltr'><strong>edidit</strong></span> <span class='ocrx_word' id='word_1_15' title='bbox 611 1204 756 1262; x_wconf 88' lang='lat' dir='ltr'><strong>Theodor</strong></span> <span class='ocrx_word' id='word_1_16' title='bbox 769 1205 860 1274; x_wconf 83' lang='lat' dir='ltr'><strong>Bene,</strong></span> <span class='ocrx_word' id='word_1_17' title='bbox 881 1212 969 1280; x_wconf 86' lang='lat' dir='ltr'><strong>atque</strong></span> <span class='ocrx_word' id='word_1_18' title='bbox 983 1205 1097 1280; x_wconf 87' lang='lat' dir='ltr'><strong>optime</strong></span> <span class='ocrx_word' id='word_1_19' title='bbox 1116 1212 1222 1262; x_wconf 87' lang='lat' dir='ltr'><strong>acutus</strong></span> <span class='ocrx_word' id='word_1_20' title='bbox 1236 1203 1288 1260; x_wconf 87' lang='lat' dir='ltr'><strong>illc</strong></span> <span class='ocrx_word' id='word_1_21' title='bbox 1301 1203 1349 1260; x_wconf 86' lang='lat' dir='ltr'><strong>vir</strong></span> 
     </span>
     <span class='ocr_line' id='line_1_6' title="bbox 337 1306 1349 1384; baseline -0.002 -20"><span class='ocrx_word' id='word_1_22' title='bbox 337 1308 401 1381; x_wconf 89' lang='lat' dir='ltr'><strong>jam</strong></span> <span class='ocrx_word' id='word_1_23' title='bbox 414 1307 571 1381; x_wconf 81' lang='lat' dir='ltr'><strong>perspexit</strong></span> <span class='ocrx_word' id='word_1_24' title='bbox 583 1306 812 1384; x_wconf 84' lang='lat' dir='ltr'><strong>franco-gallico</strong></span> <span class='ocrx_word' id='word_1_25' title='bbox 830 1306 862 1362; x_wconf 92' lang='lat' dir='ltr'><strong>iu</strong></span> <span class='ocrx_word' id='word_1_26' title='bbox 878 1321 1017 1364; x_wconf 78' lang='lat' dir='ltr'><strong>sermone</strong></span> <span class='ocrx_word' id='word_1_27' title='bbox 1031 1307 1151 1384; x_wconf 85' lang='lat' dir='ltr'><strong>singula</strong></span> <span class='ocrx_word' id='word_1_28' title='bbox 1164 1306 1349 1364; x_wconf 89' lang='lat' dir='ltr'><strong>enunciatio-</strong></span> 
     </span>
     <span class='ocr_line' id='line_1_7' title="bbox 342 1407 1349 1483; baseline -0.002 -17"><span class='ocrx_word' id='word_1_29' title='bbox 342 1409 390 1467; x_wconf 87' lang='lat' dir='ltr'><strong>nis</strong></span> <span class='ocrx_word' id='word_1_30' title='bbox 405 1408 553 1468; x_wconf 88' lang='lat' dir='ltr'><strong>vocabula</strong></span> <span class='ocrx_word' id='word_1_31' title='bbox 571 1408 614 1466; x_wconf 88' lang='lat' dir='ltr'><strong>ita</strong></span> <span class='ocrx_word' id='word_1_32' title='bbox 627 1409 807 1480; x_wconf 77' lang='lat' dir='ltr'><strong>coalescere,</strong></span> <span class='ocrx_word' id='word_1_33' title='bbox 827 1415 861 1465; x_wconf 88' lang='lat' dir='ltr'><strong>ut</strong></span> <span class='ocrx_word' id='word_1_34' title='bbox 878 1423 938 1465; x_wconf 89' lang='lat' dir='ltr'><strong>uuo</strong></span> <span class='ocrx_word' id='word_1_35' title='bbox 953 1416 1058 1466; x_wconf 88' lang='lat' dir='ltr'><strong>tenore</strong></span> <span class='ocrx_word' id='word_1_36' title='bbox 1072 1409 1244 1468; x_wconf 82' lang='lat' dir='ltr'><strong>deferantur</strong></span> <span class='ocrx_word' id='word_1_37' title='bbox 1263 1407 1306 1483; x_wconf 90' lang='lat' dir='ltr'><strong>(p.</strong></span> <span class='ocrx_word' id='word_1_38' title='bbox 1321 1409 1349 1465; x_wconf 82' lang='lat'><strong>9.</strong></span> 
     </span>
     <span class='ocr_line' id='line_1_8' title="bbox 343 1507 1349 1586; baseline -0.001 -17"><span class='ocrx_word' id='word_1_39' title='bbox 343 1510 456 1585; x_wconf 81' lang='lat' dir='ltr'><strong>et10.).</strong></span> <span class='ocrx_word' id='word_1_40' title='bbox 470 1543 508 1552; x_wconf 90' lang='lat'><strong>—-</strong></span> <span class='ocrx_word' id='word_1_41' title='bbox 527 1511 712 1570; x_wconf 88' lang='lat' dir='ltr'><strong>Accentibus</strong></span> <span class='ocrx_word' id='word_1_42' title='bbox 726 1529 818 1568; x_wconf 91' lang='lat' dir='ltr'><strong>unum</strong></span> <span class='ocrx_word' id='word_1_43' title='bbox 832 1510 997 1572; x_wconf 84' lang='lat' dir='ltr'><strong>membrum</strong></span> <span class='ocrx_word' id='word_1_44' title='bbox 1011 1529 1084 1586; x_wconf 88' lang='lat' dir='ltr'><strong>prae</strong></span> <span class='ocrx_word' id='word_1_45' title='bbox 1098 1512 1207 1568; x_wconf 85' lang='lat' dir='ltr'><strong>ceteris</strong></span> <span class='ocrx_word' id='word_1_46' title='bbox 1221 1529 1240 1567; x_wconf 86' lang='lat' dir='ltr'><strong>a</strong></span> <span class='ocrx_word' id='word_1_47' title='bbox 1250 1507 1349 1568; x_wconf 86' lang='lat' dir='ltr'><strong>Gallis</strong></span> 
     </span>
     <span class='ocr_line' id='line_1_9' title="bbox 344 1611 1350 1689; baseline -0.002 -19"><span class='ocrx_word' id='word_1_48' title='bbox 344 1631 405 1670; x_wconf 90' lang='lat' dir='ltr'><strong>uon</strong></span> <span class='ocrx_word' id='word_1_49' title='bbox 424 1613 520 1688; x_wconf 92' lang='lat' dir='ltr'><strong>premi</strong></span> <span class='ocrx_word' id='word_1_50' title='bbox 541 1612 583 1689; x_wconf 88' lang='lat' dir='ltr'><strong>(p.</strong></span> <span class='ocrx_word' id='word_1_51' title='bbox 600 1611 674 1688; x_wconf 81' lang='lat'>26.);</span> <span class='ocrx_word' id='word_1_52' title='bbox 695 1612 816 1671; x_wconf 86' lang='lat' dir='ltr'><strong>vocales</strong></span> <span class='ocrx_word' id='word_1_53' title='bbox 836 1611 897 1687; x_wconf 63' lang='grc' dir='ltr'><strong>παα</strong></span> <span class='ocrx_word' id='word_1_54' title='bbox 912 1621 942 1670; x_wconf 92' lang='lat' dir='ltr'><strong>et</strong></span> <span class='ocrx_word' id='word_1_55' title='bbox 955 1611 1010 1686; x_wconf 72' lang='lat'><strong>„0⁶⁴</strong></span> <span class='ocrx_word' id='word_1_56' title='bbox 1030 1612 1103 1670; x_wconf 89' lang='lat' dir='ltr'><strong>elidi</strong></span> <span class='ocrx_word' id='word_1_57' title='bbox 1123 1611 1166 1688; x_wconf 90' lang='lat' dir='ltr'><strong>(p.</strong></span> <span class='ocrx_word' id='word_1_58' title='bbox 1183 1611 1244 1686; x_wconf 76' lang='lat'>82.)</span> <span class='ocrx_word' id='word_1_59' title='bbox 1265 1631 1350 1688; x_wconf 88' lang='lat' dir='ltr'><strong>aper·</strong></span> 
     </span>
     <span class='ocr_line' id='line_1_10' title="bbox 344 1712 1350 1792; baseline -0.002 -20"><span class='ocrx_word' id='word_1_60' title='bbox 344 1713 461 1772; x_wconf 83' lang='lat' dir='ltr'><strong>tissime</strong></span> <span class='ocrx_word' id='word_1_61' title='bbox 482 1712 625 1772; x_wconf 78' lang='lat' dir='ltr'><strong>enotavit.</strong></span> <span class='ocrx_word' id='word_1_62' title='bbox 655 1716 755 1790; x_wconf 88' lang='lat' dir='ltr'><strong>Atque</strong></span> <span class='ocrx_word' id='word_1_63' title='bbox 764 1715 821 1772; x_wconf 76' lang='lat' dir='ltr'><strong>rix</strong></span> <span class='ocrx_word' id='word_1_64' title='bbox 836 1715 1006 1792; x_wconf 86' lang='lat' dir='ltr'><strong>graviorem</strong></span> <span class='ocrx_word' id='word_1_65' title='bbox 1019 1713 1241 1790; x_wconf 87' lang='lat' dir='ltr'><strong>pronunciandi</strong></span> <span class='ocrx_word' id='word_1_66' title='bbox 1253 1713 1350 1791; x_wconf 80' lang='lat' dir='ltr'><strong>legem</strong></span> 
     </span>
     <span class='ocr_line' id='line_1_11' title="bbox 344 1815 1350 1893; baseline -0.001 -20"><span class='ocrx_word' id='word_1_67' title='bbox 344 1815 528 1893; x_wconf 85' lang='lat' dir='ltr'><strong>investigare</strong></span> <span class='ocrx_word' id='word_1_68' title='bbox 547 1817 676 1892; x_wconf 86' lang='lat' dir='ltr'><strong>poteris,</strong></span> <span class='ocrx_word' id='word_1_69' title='bbox 701 1815 774 1892; x_wconf 89' lang='lat' dir='ltr'><strong>quin</strong></span> <span class='ocrx_word' id='word_1_70' title='bbox 794 1817 827 1874; x_wconf 91' lang='lat' dir='ltr'><strong>in</strong></span> <span class='ocrx_word' id='word_1_71' title='bbox 846 1815 945 1874; x_wconf 76' lang='lat' dir='ltr'><strong>Betae</strong></span> <span class='ocrx_word' id='word_1_72' title='bbox 965 1823 1095 1874; x_wconf 86' lang='lat' dir='ltr'><strong>tractatu</strong></span> <span class='ocrx_word' id='word_1_73' title='bbox 1115 1823 1281 1874; x_wconf 87' lang='lat' dir='ltr'><strong>memorata</strong></span> <span class='ocrx_word' id='word_1_74' title='bbox 1301 1816 1350 1874; x_wconf 89' lang='lat' dir='ltr'><strong>sit.</strong></span> 
     </span>
    </p>

    <p class='ocr_par' dir='ltr' id='par_1_5' title="bbox 345 1915 1351 2199">
     <span class='ocr_line' id='line_1_12' title="bbox 423 1915 1351 1994; baseline 0 -18"><span class='ocrx_word' id='word_1_75' title='bbox 423 1915 552 1994; x_wconf 80' lang='lat' dir='ltr'><strong>Saepius</strong></span> <span class='ocrx_word' id='word_1_76' title='bbox 572 1918 610 1975; x_wconf 92' lang='lat' dir='ltr'><strong>ad</strong></span> <span class='ocrx_word' id='word_1_77' title='bbox 630 1918 799 1994; x_wconf 88' lang='lat' dir='ltr'><strong>priscorum</strong></span> <span class='ocrx_word' id='word_1_78' title='bbox 814 1916 973 1976; x_wconf 84' lang='lat' dir='ltr'><strong>Gallorum</strong></span> <span class='ocrx_word' id='word_1_79' title='bbox 987 1919 1269 1994; x_wconf 86' lang='lat' dir='ltr'><strong>pronunciationem</strong></span> <span class='ocrx_word' id='word_1_80' title='bbox 1282 1935 1351 1994; x_wconf 92' lang='lat' dir='ltr'><strong>pro-</strong></span> 
     </span>
     <span class='ocr_line' id='line_1_13' title="bbox 345 2017 1351 2096; baseline 0 -17"><span class='ocrx_word' id='word_1_81' title='bbox 345 2027 435 2079; x_wconf 87' lang='lat' dir='ltr'><strong>vocat</strong></span> <span class='ocrx_word' id='word_1_82' title='bbox 459 2019 501 2096; x_wconf 91' lang='lat' dir='ltr'><strong>(p.</strong></span> <span class='ocrx_word' id='word_1_83' title='bbox 522 2017 599 2094; x_wconf 80' lang='lat'>26.)‚</span> <span class='ocrx_word' id='word_1_84' title='bbox 624 2027 654 2077; x_wconf 90' lang='lat' dir='ltr'><strong>et</strong></span> <span class='ocrx_word' id='word_1_85' title='bbox 678 2019 814 2095; x_wconf 85' lang='lat' dir='ltr'><strong>profecto</strong></span> <span class='ocrx_word' id='word_1_86' title='bbox 839 2027 978 2078; x_wconf 88' lang='lat' dir='ltr'><strong>naturam</strong></span> <span class='ocrx_word' id='word_1_87' title='bbox 1001 2020 1263 2096; x_wconf 82' lang='lat' dir='ltr'><strong>pronunciationis</strong></span> <span class='ocrx_word' id='word_1_88' title='bbox 1284 2037 1351 2080; x_wconf 90' lang='lat' dir='ltr'><strong>eum</strong></span> 
     </span>
     <span class='ocr_line' id='line_1_14' title="bbox 345 2120 1351 2199; baseline 0 -20"><span class='ocrx_word' id='word_1_89' title='bbox 345 2121 467 2199; x_wconf 84' lang='lat' dir='ltr'><strong>linguae</strong></span> <span class='ocrx_word' id='word_1_90' title='bbox 481 2121 604 2199; x_wconf 85' lang='lat' dir='ltr'><strong>ingenio</strong></span> <span class='ocrx_word' id='word_1_91' title='bbox 619 2120 789 2180; x_wconf 81' lang='lat' dir='ltr'><strong>arctissime</strong></span> <span class='ocrx_word' id='word_1_92' title='bbox 802 2123 965 2180; x_wconf 87' lang='lat' dir='ltr'><strong>cohaerere</strong></span> <span class='ocrx_word' id='word_1_93' title='bbox 978 2122 1108 2198; x_wconf 88' lang='lat' dir='ltr'><strong>peritum</strong></span> <span class='ocrx_word' id='word_1_94' title='bbox 1122 2121 1226 2199; x_wconf 84' lang='lat' dir='ltr'><strong>fugere</strong></span> <span class='ocrx_word' id='word_1_95' title='bbox 1239 2122 1351 2198; x_wconf 89' lang='lat' dir='ltr'><strong>nequit.</strong></span> 
     </span>
    </p>

    <p class='ocr_par' dir='ltr' id='par_1_6' title="bbox 345 2223 1354 3218">
     <span class='ocr_line' id='line_1_15' title="bbox 423 2223 1350 2300; baseline -0.001 -19"><span class='ocrx_word' id='word_1_96' title='bbox 423 2223 498 2284; x_wconf 89' lang='lat' dir='ltr'><strong>Inde</strong></span> <span class='ocrx_word' id='word_1_97' title='bbox 522 2223 696 2282; x_wconf 88' lang='lat' dir='ltr'><strong>necessario</strong></span> <span class='ocrx_word' id='word_1_98' title='bbox 721 2225 925 2299; x_wconf 86' lang='lat' dir='ltr'><strong>quaerendum</strong></span> <span class='ocrx_word' id='word_1_99' title='bbox 950 2230 1014 2294; x_wconf 78' lang='lat' dir='ltr'><strong>est,</strong></span> <span class='ocrx_word' id='word_1_100' title='bbox 1036 2223 1115 2281; x_wconf 90' lang='lat' dir='ltr'><strong>unde</strong></span> <span class='ocrx_word' id='word_1_101' title='bbox 1139 2223 1350 2300; x_wconf 86' lang='lat' dir='ltr'><strong>pronunciatio</strong></span> 
     </span>
     <span class='ocr_line' id='line_1_16' title="bbox 346 2324 1352 2402; baseline -0.002 -19"><span class='ocrx_word' id='word_1_102' title='bbox 346 2333 415 2384; x_wconf 86' lang='lat' dir='ltr'><strong>orta</strong></span> <span class='ocrx_word' id='word_1_103' title='bbox 438 2327 487 2384; x_wconf 89' lang='lat' dir='ltr'><strong>sit.</strong></span> <span class='ocrx_word' id='word_1_104' title='bbox 532 2327 633 2402; x_wconf 84' lang='lat' dir='ltr'><strong>Atque</strong></span> <span class='ocrx_word' id='word_1_105' title='bbox 656 2325 713 2384; x_wconf 86' lang='lat' dir='ltr'><strong>hac</strong></span> <span class='ocrx_word' id='word_1_106' title='bbox 734 2325 855 2402; x_wconf 90' lang='lat' dir='ltr'><strong>quidem</strong></span> <span class='ocrx_word' id='word_1_107' title='bbox 880 2325 911 2382; x_wconf 91' lang='lat' dir='ltr'><strong>in</strong></span> <span class='ocrx_word' id='word_1_108' title='bbox 937 2324 1115 2400; x_wconf 86' lang='lat' dir='ltr'><strong>quaestione</strong></span> <span class='ocrx_word' id='word_1_109' title='bbox 1139 2325 1171 2382; x_wconf 91' lang='lat' dir='ltr'><strong>in</strong></span> <span class='ocrx_word' id='word_1_110' title='bbox 1197 2343 1263 2383; x_wconf 89' lang='lat' dir='ltr'><strong>eam</strong></span> <span class='ocrx_word' id='word_1_111' title='bbox 1288 2343 1352 2382; x_wconf 92' lang='lat' dir='ltr'><strong>rem</strong></span> 
     </span>
     <span class='ocr_line' id='line_1_17' title="bbox 345 2425 1352 2504; baseline -0.001 -19"><span class='ocrx_word' id='word_1_112' title='bbox 345 2427 523 2498; x_wconf 83' lang='lat' dir='ltr'><strong>incidimus,</strong></span> <span class='ocrx_word' id='word_1_113' title='bbox 556 2429 588 2485; x_wconf 94' lang='lat' dir='ltr'><strong>in</strong></span> <span class='ocrx_word' id='word_1_114' title='bbox 618 2447 679 2504; x_wconf 86' lang='lat' dir='ltr'><strong>qua</strong></span> <span class='ocrx_word' id='word_1_115' title='bbox 707 2445 812 2486; x_wconf 89' lang='lat' dir='ltr'><strong>omnes</strong></span> <span class='ocrx_word' id='word_1_116' title='bbox 841 2427 904 2485; x_wconf 86' lang='lat' dir='ltr'><strong>fere</strong></span> <span class='ocrx_word' id='word_1_117' title='bbox 934 2427 1135 2490; x_wconf 89' lang='lat' dir='ltr'><strong>consentiunt.</strong></span> <span class='ocrx_word' id='word_1_118' title='bbox 1181 2425 1261 2485; x_wconf 88' lang='lat' dir='ltr'><strong>Nam</strong></span> <span class='ocrx_word' id='word_1_119' title='bbox 1291 2445 1352 2484; x_wconf 92' lang='lat' dir='ltr'><strong>nou</strong></span> 
     </span>
     <span class='ocr_line' id='line_1_18' title="bbox 345 2527 1352 2606; baseline 0 -19"><span class='ocrx_word' id='word_1_120' title='bbox 345 2529 436 2587; x_wconf 92' lang='lat' dir='ltr'><strong>modo</strong></span> <span class='ocrx_word' id='word_1_121' title='bbox 463 2527 666 2606; x_wconf 85' lang='lat' dir='ltr'><strong>Schlegellus,</strong></span> <span class='ocrx_word' id='word_1_122' title='bbox 691 2528 898 2600; x_wconf 87' lang='lat' dir='ltr'><strong>Sismoudius,</strong></span> <span class='ocrx_word' id='word_1_123' title='bbox 927 2527 981 2587; x_wconf 90' lang='lat' dir='ltr'><strong>sed</strong></span> <span class='ocrx_word' id='word_1_124' title='bbox 1007 2528 1096 2584; x_wconf 89' lang='lat' dir='ltr'><strong>etiam</strong></span> <span class='ocrx_word' id='word_1_125' title='bbox 1121 2527 1352 2605; x_wconf 85' lang='lat' dir='ltr'><strong>Raynouardus,</strong></span> 
     </span>
     <span class='ocr_line' id='line_1_19' title="bbox 346 2629 1352 2707; baseline 0 -19"><span class='ocrx_word' id='word_1_126' title='bbox 346 2631 459 2702; x_wconf 88' lang='lat' dir='ltr'><strong>Fallot,</strong></span> <span class='ocrx_word' id='word_1_127' title='bbox 480 2629 619 2702; x_wconf 86' lang='lat' dir='ltr'><strong>Diezius,</strong></span> <span class='ocrx_word' id='word_1_128' title='bbox 639 2630 690 2689; x_wconf 90' lang='lat' dir='ltr'><strong>Fr.</strong></span> <span class='ocrx_word' id='word_1_129' title='bbox 704 2629 847 2704; x_wconf 74' lang='lat' dir='ltr'><strong>Weius2)</strong></span> <span class='ocrx_word' id='word_1_130' title='bbox 868 2630 1040 2707; x_wconf 83' lang='lat' dir='ltr'><strong>germanico</strong></span> <span class='ocrx_word' id='word_1_131' title='bbox 1062 2648 1100 2686; x_wconf 87' lang='lat' dir='ltr'><strong>ex</strong></span> <span class='ocrx_word' id='word_1_132' title='bbox 1120 2629 1203 2687; x_wconf 81' lang='lat' dir='ltr'><strong>fonte</strong></span> <span class='ocrx_word' id='word_1_133' title='bbox 1221 2647 1352 2706; x_wconf 90' lang='lat' dir='ltr'><strong>pronun-</strong></span> 
     </span>
     <span class='ocr_line' id='line_1_20' title="bbox 346 2731 1352 2811; baseline 0 -21"><span class='ocrx_word' id='word_1_134' title='bbox 346 2733 509 2790; x_wconf 86' lang='lat' dir='ltr'><strong>ciationem</strong></span> <span class='ocrx_word' id='word_1_135' title='bbox 529 2731 789 2811; x_wconf 82' lang='lat' dir='ltr'><strong>franco-gallicam</strong></span> <span class='ocrx_word' id='word_1_136' title='bbox 809 2731 1086 2790; x_wconf 86' lang='lat' dir='ltr'><strong>derivandam-esse</strong></span> <span class='ocrx_word' id='word_1_137' title='bbox 1106 2749 1166 2788; x_wconf 92' lang='lat' dir='ltr'><strong>unc</strong></span> <span class='ocrx_word' id='word_1_138' title='bbox 1181 2749 1232 2788; x_wconf 91' lang='lat' dir='ltr'><strong>ore</strong></span> <span class='ocrx_word' id='word_1_139' title='bbox 1254 2731 1352 2790; x_wconf 78' lang='lat' dir='ltr'><strong>decla-</strong></span> 
     </span>
     <span class='ocr_line' id='line_1_21' title="bbox 346 2833 1354 2910; baseline -0.001 -18"><span class='ocrx_word' id='word_1_140' title='bbox 346 2842 498 2892; x_wconf 86' lang='lat' dir='ltr'><strong>raverunt.</strong></span> <span class='ocrx_word' id='word_1_141' title='bbox 544 2833 631 2893; x_wconf 87' lang='lat' dir='ltr'><strong>Unus</strong></span> <span class='ocrx_word' id='word_1_142' title='bbox 657 2833 832 2910; x_wconf 65' lang='lat' dir='ltr'><strong>caninusss)</strong></span> <span class='ocrx_word' id='word_1_143' title='bbox 851 2833 922 2892; x_wconf 87' lang='lat' dir='ltr'><strong>inde</strong></span> <span class='ocrx_word' id='word_1_144' title='bbox 947 2833 986 2891; x_wconf 88' lang='lat' dir='ltr'><strong>ab</strong></span> <span class='ocrx_word' id='word_1_145' title='bbox 1011 2833 1188 2910; x_wconf 86' lang='lat' dir='ltr'><strong>aequalibus</strong></span> <span class='ocrx_word' id='word_1_146' title='bbox 1208 2833 1303 2892; x_wconf 84' lang='lat' dir='ltr'><strong>Ennii</strong></span> <span class='ocrx_word' id='word_1_147' title='bbox 1323 2842 1354 2891; x_wconf 90' lang='lat' dir='ltr'><strong>et</strong></span> 
     </span>
     <span class='ocr_line' id='line_1_22' title="bbox 347 2935 1352 3014; baseline -0.002 -20"><span class='ocrx_word' id='word_1_148' title='bbox 347 2936 450 3009; x_wconf 76' lang='lat' dir='ltr'><strong>l’lauti</strong></span> <span class='ocrx_word' id='word_1_149' title='bbox 475 2936 743 3012; x_wconf 84' lang='lat' dir='ltr'><strong>franco-gallicam</strong></span> <span class='ocrx_word' id='word_1_150' title='bbox 768 2935 1051 3012; x_wconf 86' lang='lat' dir='ltr'><strong>pronunciationem</strong></span> <span class='ocrx_word' id='word_1_151' title='bbox 1071 2935 1265 3014; x_wconf 86' lang='lat' dir='ltr'><strong>repetendam</strong></span> <span class='ocrx_word' id='word_1_152' title='bbox 1285 2953 1352 2993; x_wconf 89' lang='lat' dir='ltr'><strong>esse</strong></span> 
     </span>
     <span class='ocr_line' id='line_1_23' title="bbox 348 3036 1353 3114; baseline 0 -18"><span class='ocrx_word' id='word_1_153' title='bbox 348 3037 518 3096; x_wconf 87' lang='lat' dir='ltr'><strong>alucinatus</strong></span> <span class='ocrx_word' id='word_1_154' title='bbox 543 3045 602 3108; x_wconf 87' lang='lat' dir='ltr'><strong>est,</strong></span> <span class='ocrx_word' id='word_1_155' title='bbox 627 3038 681 3096; x_wconf 89' lang='lat' dir='ltr'><strong>sed</strong></span> <span class='ocrx_word' id='word_1_156' title='bbox 705 3057 795 3114; x_wconf 88' lang='lat' dir='ltr'><strong>quum</strong></span> <span class='ocrx_word' id='word_1_157' title='bbox 815 3056 852 3094; x_wconf 89' lang='lat' dir='ltr'><strong>ea</strong></span> <span class='ocrx_word' id='word_1_158' title='bbox 872 3036 976 3112; x_wconf 90' lang='lat' dir='ltr'><strong>opinio</strong></span> <span class='ocrx_word' id='word_1_159' title='bbox 1002 3045 1065 3095; x_wconf 89' lang='lat' dir='ltr'><strong>tum</strong></span> <span class='ocrx_word' id='word_1_160' title='bbox 1090 3039 1264 3102; x_wconf 89' lang='lat' dir='ltr'><strong>universum</strong></span> <span class='ocrx_word' id='word_1_161' title='bbox 1288 3040 1353 3114; x_wconf 88' lang='lat' dir='ltr'><strong>ejus</strong></span> 
     </span>
     <span class='ocr_line' id='line_1_24' title="bbox 349 3139 1134 3218; baseline 0.001 -20"><span class='ocrx_word' id='word_1_162' title='bbox 349 3157 425 3218; x_wconf 90' lang='lat' dir='ltr'><strong>opus</strong></span> <span class='ocrx_word' id='word_1_163' title='bbox 445 3139 597 3217; x_wconf 87' lang='lat' dir='ltr'><strong>ineptiora</strong></span> <span class='ocrx_word' id='word_1_164' title='bbox 617 3148 697 3212; x_wconf 89' lang='lat' dir='ltr'><strong>sunt,</strong></span> <span class='ocrx_word' id='word_1_165' title='bbox 717 3157 806 3216; x_wconf 87' lang='lat' dir='ltr'><strong>quam</strong></span> <span class='ocrx_word' id='word_1_166' title='bbox 827 3157 903 3215; x_wconf 90' lang='lat' dir='ltr'><strong>quae</strong></span> <span class='ocrx_word' id='word_1_167' title='bbox 923 3139 1134 3216; x_wconf 87' lang='lat' dir='ltr'><strong>respiciantur.</strong></span> 
     </span>
    </p>

    <p class='ocr_par' dir='ltr' id='par_1_7' title="bbox 349 3241 1354 3724">
     <span class='ocr_line' id='line_1_25' title="bbox 426 3241 1354 3320; baseline -0.001 -21"><span class='ocrx_word' id='word_1_168' title='bbox 426 3241 697 3320; x_wconf 86' lang='lat' dir='ltr'><strong>Franco-gallicae</strong></span> <span class='ocrx_word' id='word_1_169' title='bbox 730 3241 992 3318; x_wconf 86' lang='lat' dir='ltr'><strong>pronunciationis</strong></span> <span class='ocrx_word' id='word_1_170' title='bbox 1024 3243 1149 3319; x_wconf 88' lang='lat' dir='ltr'><strong>propria</strong></span> <span class='ocrx_word' id='word_1_171' title='bbox 1182 3247 1289 3297; x_wconf 88' lang='lat' dir='ltr'><strong>natura</strong></span> <span class='ocrx_word' id='word_1_172' title='bbox 1321 3241 1354 3298; x_wconf 92' lang='lat' dir='ltr'><strong>in</strong></span> 
     </span>
     <span class='ocr_line' id='line_1_26' title="bbox 349 3343 1353 3421; baseline -0.002 -19"><span class='ocrx_word' id='word_1_173' title='bbox 349 3345 540 3402; x_wconf 79' lang='lat' dir='ltr'><strong>enervatione</strong></span> <span class='ocrx_word' id='word_1_174' title='bbox 550 3345 701 3402; x_wconf 85' lang='lat' dir='ltr'><strong>vocalium</strong></span> <span class='ocrx_word' id='word_1_175' title='bbox 716 3345 857 3400; x_wconf 88' lang='lat' dir='ltr'><strong>cernitur.</strong></span> <span class='ocrx_word' id='word_1_176' title='bbox 887 3343 1079 3421; x_wconf 85' lang='lat' dir='ltr'><strong>Diphthongi</strong></span> <span class='ocrx_word' id='word_1_177' title='bbox 1094 3343 1174 3400; x_wconf 84' lang='lat' dir='ltr'><strong>enim</strong></span> <span class='ocrx_word' id='word_1_178' title='bbox 1187 3360 1248 3399; x_wconf 92' lang='lat' dir='ltr'><strong>nou</strong></span> <span class='ocrx_word' id='word_1_179' title='bbox 1263 3343 1353 3400; x_wconf 89' lang='lat' dir='ltr'><strong>modo</strong></span> 
     </span>
     <span class='ocr_line' id='line_1_27' title="bbox 350 3443 1353 3522; baseline -0.002 -18"><span class='ocrx_word' id='word_1_180' title='bbox 350 3445 497 3516; x_wconf 84' lang='lat' dir='ltr'><strong>excultae,</strong></span> <span class='ocrx_word' id='word_1_181' title='bbox 518 3445 675 3502; x_wconf 88' lang='lat' dir='ltr'><strong>sedetiam</strong></span> <span class='ocrx_word' id='word_1_182' title='bbox 695 3443 956 3520; x_wconf 81' lang='lat' dir='ltr'><strong>frequentissimae</strong></span> <span class='ocrx_word' id='word_1_183' title='bbox 971 3452 1050 3518; x_wconf 85' lang='lat' dir='ltr'><strong>sunt,</strong></span> <span class='ocrx_word' id='word_1_184' title='bbox 1071 3464 1147 3522; x_wconf 89' lang='lat' dir='ltr'><strong>quae</strong></span> <span class='ocrx_word' id='word_1_185' title='bbox 1167 3462 1216 3503; x_wconf 89' lang='lat' dir='ltr'><strong>res</strong></span> <span class='ocrx_word' id='word_1_186' title='bbox 1231 3463 1269 3502; x_wconf 88' lang='lat' dir='ltr'><strong>ex</strong></span> <span class='ocrx_word' id='word_1_187' title='bbox 1288 3445 1353 3520; x_wconf 94' lang='lat' dir='ltr'><strong>plu-</strong></span> 
     </span>
     <span class='ocr_line' id='line_1_28' title="bbox 349 3545 1353 3622; baseline 0.001 -18"><span class='ocrx_word' id='word_1_188' title='bbox 349 3547 435 3604; x_wconf 85' lang='lat' dir='ltr'><strong>ribus</strong></span> <span class='ocrx_word' id='word_1_189' title='bbox 455 3545 581 3621; x_wconf 87' lang='lat' dir='ltr'><strong>syllabis</strong></span> <span class='ocrx_word' id='word_1_190' title='bbox 602 3545 634 3603; x_wconf 90' lang='lat' dir='ltr'><strong>in</strong></span> <span class='ocrx_word' id='word_1_191' title='bbox 654 3564 744 3604; x_wconf 89' lang='lat' dir='ltr'><strong>unam</strong></span> <span class='ocrx_word' id='word_1_192' title='bbox 758 3545 921 3603; x_wconf 89' lang='lat' dir='ltr'><strong>contractis</strong></span> <span class='ocrx_word' id='word_1_193' title='bbox 936 3545 1115 3620; x_wconf 88' lang='lat' dir='ltr'><strong>explicanda</strong></span> <span class='ocrx_word' id='word_1_194' title='bbox 1129 3555 1187 3605; x_wconf 90' lang='lat' dir='ltr'><strong>est:</strong></span> <span class='ocrx_word' id='word_1_195' title='bbox 1208 3548 1254 3606; x_wconf 87' lang='lat' dir='ltr'><strong>sic</strong></span> <span class='ocrx_word' id='word_1_196' title='bbox 1274 3547 1353 3622; x_wconf 59' lang='lat' dir='ltr'><strong>„urst</strong></span> 
     </span>
     <span class='ocr_line' id='line_1_29' title="bbox 349 3647 1353 3724; baseline 0 -16"><span class='ocrx_word' id='word_1_197' title='bbox 349 3649 407 3708; x_wconf 90' lang='lat' dir='ltr'><strong>hac</strong></span> <span class='ocrx_word' id='word_1_198' title='bbox 427 3649 465 3708; x_wconf 90' lang='lat' dir='ltr'><strong>de</strong></span> <span class='ocrx_word' id='word_1_199' title='bbox 485 3665 577 3706; x_wconf 86' lang='lat' dir='ltr'><strong>causa</strong></span> <span class='ocrx_word' id='word_1_200' title='bbox 595 3647 773 3724; x_wconf 85' lang='lat' dir='ltr'><strong>saepissime</strong></span> <span class='ocrx_word' id='word_1_201' title='bbox 786 3647 875 3718; x_wconf 89' lang='lat' dir='ltr'><strong>redit,</strong></span> <span class='ocrx_word' id='word_1_202' title='bbox 895 3647 967 3724; x_wconf 88' lang='lat' dir='ltr'><strong>quia</strong></span> <span class='ocrx_word' id='word_1_203' title='bbox 987 3665 1159 3708; x_wconf 81' lang='lat' dir='ltr'><strong>consonans</strong></span> <span class='ocrx_word' id='word_1_204' title='bbox 1178 3650 1229 3724; x_wconf 79' lang='lat' dir='ltr'><strong>,l“</strong></span> <span class='ocrx_word' id='word_1_205' title='bbox 1249 3651 1281 3709; x_wconf 89' lang='lat' dir='ltr'><strong>in</strong></span> <span class='ocrx_word' id='word_1_206' title='bbox 1301 3669 1353 3708; x_wconf 87' lang='lat' dir='ltr'><strong>vo-</strong></span> 
     </span>
    </p>
   </div>
   <div class='ocr_carea' id='block_1_5' title="bbox 351 3837 1354 3972">
    <p class='ocr_par' dir='ltr' id='par_1_8' title="bbox 351 3837 1354 3972">
     <span class='ocr_line' id='line_1_30' title="bbox 402 3837 1354 3912; baseline 0.001 -12"><span class='ocrx_word' id='word_1_207' title='bbox 402 3861 423 3912; x_wconf 80' lang='lat'><strong>1)</strong></span> <span class='ocrx_word' id='word_1_208' title='bbox 436 3863 469 3901; x_wconf 85' lang='lat' dir='ltr'><strong>De</strong></span> <span class='ocrx_word' id='word_1_209' title='bbox 482 3862 611 3902; x_wconf 71' lang='lat' dir='ltr'><strong>Frmclseae</strong></span> <span class='ocrx_word' id='word_1_210' title='bbox 624 3861 709 3912; x_wconf 71' lang='lat' dir='ltr'><strong>linguae</strong></span> <span class='ocrx_word' id='word_1_211' title='bbox 722 3864 783 3902; x_wconf 75' lang='lat' dir='ltr'><strong>reeta</strong></span> <span class='ocrx_word' id='word_1_212' title='bbox 795 3861 975 3911; x_wconf 75' lang='lat' dir='ltr'><strong>pronunciatione</strong></span> <span class='ocrx_word' id='word_1_213' title='bbox 988 3865 1103 3911; x_wconf 74' lang='lat' dir='ltr'><strong>metatus,</strong></span> <span class='ocrx_word' id='word_1_214' title='bbox 1118 3837 1233 3904; x_wconf 78' lang='lat' dir='ltr'><strong>Theodoro</strong></span> <span class='ocrx_word' id='word_1_215' title='bbox 1246 3862 1304 3902; x_wconf 72' lang='lat' dir='ltr'><strong>Besa</strong></span> <span class='ocrx_word' id='word_1_216' title='bbox 1318 3871 1354 3901; x_wconf 78' lang='lat' dir='ltr'><strong>cu-</strong></span> 
     </span>
     <span class='ocr_line' id='line_1_31' title="bbox 351 3929 595 3972; baseline -0.004 -1"><span class='ocrx_word' id='word_1_217' title='bbox 351 3935 411 3972; x_wconf 90' lang='lat' dir='ltr'><strong>ctore</strong></span> <span class='ocrx_word' id='word_1_218' title='bbox 425 3930 523 3970; x_wconf 81' lang='lat' dir='ltr'><strong>Generee</strong></span> <span class='ocrx_word' id='word_1_219' title='bbox 537 3929 595 3970; x_wconf 75' lang='lat' dir='ltr'><strong>rtet</strong></span> 
     </span>
    </p>
   </div>
   <div class='ocr_carea' id='block_1_6' title="bbox 402 3977 1214 4142">
    <p class='ocr_par' dir='ltr' id='par_1_9' title="bbox 402 3977 1214 4142">
     <span class='ocr_line' id='line_1_32' title="bbox 402 3977 1214 4058; baseline -0.002 -11"><span class='ocrx_word' id='word_1_220' title='bbox 402 4005 424 4058; x_wconf 74' lang='lat' dir='ltr'><strong>i)</strong></span> <span class='ocrx_word' id='word_1_221' title='bbox 436 4007 461 4047; x_wconf 75' lang='lat' dir='ltr'><strong>F.</strong></span> <span class='ocrx_word' id='word_1_222' title='bbox 474 4008 535 4056; x_wconf 83' lang='lat' dir='ltr'><strong>wey,</strong></span> <span class='ocrx_word' id='word_1_223' title='bbox 547 4007 643 4046; x_wconf 82' lang='lat' dir='ltr'><strong>Histoire</strong></span> <span class='ocrx_word' id='word_1_224' title='bbox 657 3977 696 4045; x_wconf 77' lang='lat' dir='ltr'><strong>des</strong></span> <span class='ocrx_word' id='word_1_225' title='bbox 709 4003 775 4044; x_wconf 76' lang='lat' dir='ltr'><strong>rever.</strong></span> <span class='ocrx_word' id='word_1_226' title='bbox 787 4007 817 4045; x_wconf 86' lang='lat' dir='ltr'><strong>du</strong></span> <span class='ocrx_word' id='word_1_227' title='bbox 829 4009 919 4058; x_wconf 76' lang='lat' dir='ltr'><strong>languge</strong></span> <span class='ocrx_word' id='word_1_228' title='bbox 933 4018 960 4047; x_wconf 89' lang='lat' dir='ltr'><strong>eu</strong></span> <span class='ocrx_word' id='word_1_229' title='bbox 973 4008 1062 4047; x_wconf 73' lang='lat' dir='ltr'><strong>Fruuce.</strong></span> <span class='ocrx_word' id='word_1_230' title='bbox 1082 4006 1144 4046; x_wconf 78' lang='lat' dir='ltr'><strong>Puris</strong></span> <span class='ocrx_word' id='word_1_231' title='bbox 1158 4006 1214 4046; x_wconf 75' lang='lat' dir='ltr'><strong>msa.</strong></span> 
     </span>
     <span class='ocr_line' id='line_1_33' title="bbox 404 4081 1034 4142; baseline -0.006 -16"><span class='ocrx_word' id='word_1_232' title='bbox 404 4085 425 4142; x_wconf 79' lang='lat' dir='ltr'><strong>t)</strong></span> <span class='ocrx_word' id='word_1_233' title='bbox 439 4083 517 4138; x_wconf 78' lang='lat' dir='ltr'><strong>Gdnln,</strong></span> <span class='ocrx_word' id='word_1_234' title='bbox 529 4083 568 4126; x_wconf 82' lang='lat' dir='ltr'><strong>des</strong></span> <span class='ocrx_word' id='word_1_235' title='bbox 580 4081 699 4126; x_wconf 72' lang='lat' dir='ltr'><strong>vanasour</strong></span> <span class='ocrx_word' id='word_1_236' title='bbox 713 4082 743 4122; x_wconf 88' lang='lat' dir='ltr'><strong>dn</strong></span> <span class='ocrx_word' id='word_1_237' title='bbox 755 4081 845 4132; x_wconf 72' lang='lat' dir='ltr'><strong>lengsge</strong></span> <span class='ocrx_word' id='word_1_238' title='bbox 858 4083 884 4123; x_wconf 80' lang='lat' dir='ltr'><strong>tr.</strong></span> <span class='ocrx_word' id='word_1_239' title='bbox 902 4082 965 4132; x_wconf 73' lang='lat' dir='ltr'><strong>Parte</strong></span> <span class='ocrx_word' id='word_1_240' title='bbox 978 4081 1034 4122; x_wconf 60' lang='lat' dir='ltr'><strong>lut</strong></span> 
     </span>
    </p>
   </div>
   <div class='ocr_carea' id='block_1_7' title="bbox 0 0 1576 5194">
    <p class='ocr_par' dir='ltr' id='par_1_10' title="bbox 0 0 1576 5194">
     <span class='ocr_line' id='line_1_34' title="bbox 0 0 1576 5194; baseline 0 0"><span class='ocrx_word' id='word_1_241' title='bbox 0 0 1576 5194; x_wconf 95' lang='lat' dir='ltr'><strong> </strong></span> 
     </span>
    </p>
   </div>
  </div>
 </body>
</html>
