<?xml version="1.0" encoding="UTF-8"?>
<!DOCTYPE html PUBLIC "-//W3C//DTD XHTML 1.0 Transitional//EN"
    "http://www.w3.org/TR/xhtml1/DTD/xhtml1-transitional.dtd">
<html xmlns="http://www.w3.org/1999/xhtml" xml:lang="en" lang="en">
 <head>
  <title>
</title>
<meta http-equiv="Content-Type" content="text/html;charset=utf-8" />
  <meta name='ocr-system' content='tesseract 3.04.00' />
  <meta name='ocr-capabilities' content='ocr_page ocr_carea ocr_par ocr_line ocrx_word'/>
</head>
<body>
  <div class='ocr_page' id='page_1' title='image "./deelementisgerm00schagoog_0035.png"; bbox 0 0 3114 5194; ppageno 0'>
   <div class='ocr_carea' id='block_1_1' title="bbox 728 563 994 636">
    <p class='ocr_par' dir='ltr' id='par_1_1' title="bbox 728 563 994 636">
     <span class='ocr_line' id='line_1_1' title="bbox 728 563 994 636; baseline 0 -22"><span class='ocrx_word' id='word_1_1' title='bbox 728 563 994 636; x_wconf 44' lang='lat' dir='ltr'><strong>...gum</strong></span> 
     </span>
    </p>
   </div>
   <div class='ocr_carea' id='block_1_2' title="bbox 352 729 1362 1327">
    <p class='ocr_par' dir='ltr' id='par_1_2' title="bbox 352 729 1362 1327">
     <span class='ocr_line' id='line_1_2' title="bbox 357 729 1361 823; baseline 0.01 -30"><span class='ocrx_word' id='word_1_2' title='bbox 357 729 513 812; x_wconf 83' lang='lat' dir='ltr'>imponere</span> <span class='ocrx_word' id='word_1_3' title='bbox 530 734 618 794; x_wconf 83' lang='lat' dir='ltr'><strong>etita</strong></span> <span class='ocrx_word' id='word_1_4' title='bbox 631 737 821 796; x_wconf 86' lang='lat' dir='ltr'><strong>eommodare</strong></span> <span class='ocrx_word' id='word_1_5' title='bbox 836 738 944 812; x_wconf 82' lang='lat' dir='ltr'>solent,</span> <span class='ocrx_word' id='word_1_6' title='bbox 961 747 995 799; x_wconf 89' lang='lat' dir='ltr'><strong>ut</strong></span> <span class='ocrx_word' id='word_1_7' title='bbox 1008 739 1046 800; x_wconf 84' lang='lat' dir='ltr'><strong>ab</strong></span> <span class='ocrx_word' id='word_1_8' title='bbox 1061 741 1201 802; x_wconf 90' lang='lat' dir='ltr'><strong>omnibns</strong></span> <span class='ocrx_word' id='word_1_9' title='bbox 1214 741 1277 802; x_wconf 87' lang='lat' dir='ltr'><strong>fere</strong></span> <span class='ocrx_word' id='word_1_10' title='bbox 1291 761 1361 823; x_wconf 80' lang='lat' dir='ltr'><strong>gen·</strong></span> 
     </span>
     <span class='ocr_line' id='line_1_3' title="bbox 357 837 1362 921; baseline 0.008 -25"><span class='ocrx_word' id='word_1_11' title='bbox 357 837 439 898; x_wconf 90' lang='lat' dir='ltr'><strong>tibus</strong></span> <span class='ocrx_word' id='word_1_12' title='bbox 457 839 657 916; x_wconf 78' lang='lat' dir='ltr'>accipiantur,</span> <span class='ocrx_word' id='word_1_13' title='bbox 677 847 722 898; x_wconf 89' lang='lat' dir='ltr'><strong>ut:</strong></span> <span class='ocrx_word' id='word_1_14' title='bbox 743 845 875 918; x_wconf 75' lang='lat' dir='ltr'><strong>opiqnoo,</strong></span> <span class='ocrx_word' id='word_1_15' title='bbox 895 843 1065 914; x_wconf 81' lang='lat' dir='ltr'><strong>baioanette,</strong></span> <span class='ocrx_word' id='word_1_16' title='bbox 1084 843 1193 921; x_wconf 66' lang='lat' dir='ltr'><strong>deripe,</strong></span> <span class='ocrx_word' id='word_1_17' title='bbox 1214 847 1362 918; x_wconf 69' lang='lat' dir='ltr'><strong>sectetur,</strong></span> 
     </span>
     <span class='ocr_line' id='line_1_4' title="bbox 356 928 1361 1022; baseline 0.009 -22"><span class='ocrx_word' id='word_1_18' title='bbox 356 943 500 1000; x_wconf 82' lang='lat' dir='ltr'><strong>eordouun</strong></span> <span class='ocrx_word' id='word_1_19' title='bbox 519 939 750 1017; x_wconf 81' lang='lat' dir='ltr'><strong>(eordonnier)‚</strong></span> <span class='ocrx_word' id='word_1_20' title='bbox 775 928 891 1016; x_wconf 75' lang='lat' dir='ltr'><strong>domus,</strong></span> <span class='ocrx_word' id='word_1_21' title='bbox 905 948 1035 1022; x_wconf 78' lang='lat' dir='ltr'><strong>solenne,</strong></span> <span class='ocrx_word' id='word_1_22' title='bbox 1056 947 1241 1020; x_wconf 73' lang='lat' dir='ltr'><strong>mansitare,</strong></span> <span class='ocrx_word' id='word_1_23' title='bbox 1261 969 1361 1019; x_wconf 84' lang='lat' dir='ltr'><strong>taoroe,</strong></span> 
     </span>
     <span class='ocr_line' id='line_1_5' title="bbox 355 1039 1360 1126; baseline 0.013 -28"><span class='ocrx_word' id='word_1_24' title='bbox 355 1046 512 1119; x_wconf 82' lang='lat' dir='ltr'><strong>moroqm&#39;n,</strong></span> <span class='ocrx_word' id='word_1_25' title='bbox 532 1044 690 1118; x_wconf 71' lang='lat' dir='ltr'><strong>alienates,</strong></span> <span class='ocrx_word' id='word_1_26' title='bbox 710 1050 885 1122; x_wconf 77' lang='lat' dir='ltr'><strong>moaoouode,</strong></span> <span class='ocrx_word' id='word_1_27' title='bbox 904 1052 1040 1126; x_wconf 80' lang='lat' dir='ltr'><strong>nunquia,</strong></span> <span class='ocrx_word' id='word_1_28' title='bbox 1056 1039 1120 1108; x_wconf 78' lang='lat' dir='ltr'><strong>tibet</strong></span> <span class='ocrx_word' id='word_1_29' title='bbox 1134 1057 1188 1111; x_wconf 89' lang='lat' dir='ltr'><strong>eto.</strong></span> <span class='ocrx_word' id='word_1_30' title='bbox 1210 1085 1247 1094; x_wconf 90' lang='lat'>-</span> <span class='ocrx_word' id='word_1_31' title='bbox 1268 1051 1360 1111; x_wconf 81' lang='lat' dir='ltr'><strong>Tales</strong></span> 
     </span>
     <span class='ocr_line' id='line_1_6' title="bbox 353 1145 1362 1235; baseline 0.011 -33"><span class='ocrx_word' id='word_1_32' title='bbox 353 1145 474 1204; x_wconf 80' lang='lat' dir='ltr'><strong>termini</strong></span> <span class='ocrx_word' id='word_1_33' title='bbox 495 1146 527 1205; x_wconf 92' lang='lat' dir='ltr'><strong>in</strong></span> <span class='ocrx_word' id='word_1_34' title='bbox 548 1147 687 1206; x_wconf 89' lang='lat' dir='ltr'><strong>omnibus</strong></span> <span class='ocrx_word' id='word_1_35' title='bbox 708 1148 789 1206; x_wconf 85' lang='lat' dir='ltr'><strong>vitae</strong></span> <span class='ocrx_word' id='word_1_36' title='bbox 808 1151 946 1226; x_wconf 84' lang='lat' dir='ltr'><strong>partibus</strong></span> <span class='ocrx_word' id='word_1_37' title='bbox 968 1161 1137 1226; x_wconf 78' lang='lat' dir='ltr'><strong>occurrunt,</strong></span> <span class='ocrx_word' id='word_1_38' title='bbox 1162 1161 1250 1235; x_wconf 82' lang='lat' dir='ltr'><strong>atque</strong></span> <span class='ocrx_word' id='word_1_39' title='bbox 1270 1154 1324 1216; x_wconf 86' lang='lat' dir='ltr'><strong>vix</strong></span> <span class='ocrx_word' id='word_1_40' title='bbox 1343 1174 1362 1213; x_wconf 91' lang='lat' dir='ltr'><strong>a</strong></span> 
     </span>
     <span class='ocr_line' id='line_1_7' title="bbox 352 1247 903 1327; baseline 0.009 -21"><span class='ocrx_word' id='word_1_41' title='bbox 352 1247 513 1327; x_wconf 82' lang='lat' dir='ltr'><strong>peregrino</strong></span> <span class='ocrx_word' id='word_1_42' title='bbox 535 1248 690 1310; x_wconf 78' lang='lat' dir='ltr'><strong>exhauriri</strong></span> <span class='ocrx_word' id='word_1_43' title='bbox 709 1260 846 1327; x_wconf 77' lang='lat' dir='ltr'><strong>possunt.</strong></span> <span class='ocrx_word' id='word_1_44' title='bbox 880 1321 903 1327; x_wconf 15' lang='grc' dir='ltr'><strong>,Δ</strong></span> 
     </span>
    </p>
   </div>
   <div class='ocr_carea' id='block_1_3' title="bbox 649 1433 994 1528">
    <p class='ocr_par' dir='ltr' id='par_1_3' title="bbox 649 1433 994 1528">
     <span class='ocr_line' id='line_1_8' title="bbox 649 1433 994 1528; baseline 0.014 -36"><span class='ocrx_word' id='word_1_45' title='bbox 649 1521 652 1526; x_wconf 23' lang='grc' dir='ltr'>Ι</span> <span class='ocrx_word' id='word_1_46' title='bbox 713 1433 994 1528; x_wconf 69' lang='lat' dir='ltr'><strong>detentatoribus.</strong></span> 
     </span>
    </p>
   </div>
   <div class='ocr_carea' id='block_1_4' title="bbox 263 1557 1357 3786">
    <p class='ocr_par' dir='ltr' id='par_1_4' title="bbox 304 1557 1357 2663">
     <span class='ocr_line' id='line_1_9' title="bbox 428 1557 1356 1647; baseline 0.013 -30"><span class='ocrx_word' id='word_1_47' title='bbox 428 1557 592 1617; x_wconf 88' lang='lat' dir='ltr'><strong>Nominum</strong></span> <span class='ocrx_word' id='word_1_48' title='bbox 623 1559 728 1636; x_wconf 88' lang='lat' dir='ltr'><strong>inopia</strong></span> <span class='ocrx_word' id='word_1_49' title='bbox 756 1561 884 1637; x_wconf 85' lang='lat' dir='ltr'><strong>quadam</strong></span> <span class='ocrx_word' id='word_1_50' title='bbox 914 1562 1193 1642; x_wconf 82' lang='lat' dir='ltr'><strong>franco-gallicam</strong></span> <span class='ocrx_word' id='word_1_51' title='bbox 1222 1567 1356 1647; x_wconf 84' lang='lat' dir='ltr'><strong>linguam</strong></span> 
     </span>
     <span class='ocr_line' id='line_1_10' title="bbox 349 1660 1357 1743; baseline 0.012 -25"><span class='ocrx_word' id='word_1_52' title='bbox 349 1661 459 1738; x_wconf 85' lang='lat' dir='ltr'><strong>premi,</strong></span> <span class='ocrx_word' id='word_1_53' title='bbox 490 1661 561 1737; x_wconf 89' lang='lat' dir='ltr'><strong>quia</strong></span> <span class='ocrx_word' id='word_1_54' title='bbox 588 1660 730 1721; x_wconf 82' lang='lat' dir='ltr'><strong>facultate</strong></span> <span class='ocrx_word' id='word_1_55' title='bbox 755 1663 1029 1739; x_wconf 78' lang='lat' dir='ltr'><strong>componendorum</strong></span> <span class='ocrx_word' id='word_1_56' title='bbox 1053 1665 1213 1724; x_wconf 89' lang='lat' dir='ltr'><strong>verborum</strong></span> <span class='ocrx_word' id='word_1_57' title='bbox 1237 1670 1357 1743; x_wconf 87' lang='lat' dir='ltr'><strong>privata</strong></span> 
     </span>
     <span class='ocr_line' id='line_1_11' title="bbox 349 1761 1354 1850; baseline 0.004 -28"><span class='ocrx_word' id='word_1_58' title='bbox 349 1763 403 1835; x_wconf 84' lang='lat' dir='ltr'><strong>sit,</strong></span> <span class='ocrx_word' id='word_1_59' title='bbox 428 1781 518 1839; x_wconf 86' lang='lat' dir='ltr'><strong>saepe</strong></span> <span class='ocrx_word' id='word_1_60' title='bbox 538 1766 602 1850; x_wconf 80' lang='lat' dir='ltr'><strong>jam</strong></span> <span class='ocrx_word' id='word_1_61' title='bbox 622 1763 735 1822; x_wconf 89' lang='lat' dir='ltr'><strong>dietum</strong></span> <span class='ocrx_word' id='word_1_62' title='bbox 755 1773 809 1824; x_wconf 85' lang='lat' dir='ltr'><strong>est.</strong></span> <span class='ocrx_word' id='word_1_63' title='bbox 829 1798 867 1808; x_wconf 91' lang='lat'>-</span> <span class='ocrx_word' id='word_1_64' title='bbox 886 1767 986 1844; x_wconf 87' lang='lat' dir='ltr'><strong>Atque</strong></span> <span class='ocrx_word' id='word_1_65' title='bbox 1010 1761 1145 1843; x_wconf 76' lang='lat' dir='ltr'><strong>p&#39;roieoto</strong></span> <span class='ocrx_word' id='word_1_66' title='bbox 1166 1786 1185 1824; x_wconf 92' lang='lat' dir='ltr'><strong>a</strong></span> <span class='ocrx_word' id='word_1_67' title='bbox 1204 1770 1354 1843; x_wconf 82' lang='lat' dir='ltr'><strong>composi·</strong></span> 
     </span>
     <span class='ocr_line' id='line_1_12' title="bbox 348 1857 1352 1947; baseline 0.003 -22"><span class='ocrx_word' id='word_1_68' title='bbox 348 1866 431 1925; x_wconf 86' lang='lat' dir='ltr'><strong>tione</strong></span> <span class='ocrx_word' id='word_1_69' title='bbox 445 1865 567 1944; x_wconf 81' lang='lat' dir='ltr'><strong>linguae</strong></span> <span class='ocrx_word' id='word_1_70' title='bbox 582 1865 829 1944; x_wconf 67' lang='lat' dir='ltr'><strong>franco-gallione</strong></span> <span class='ocrx_word' id='word_1_71' title='bbox 846 1869 999 1947; x_wconf 83' lang='lat' dir='ltr'><strong>ingenium</strong></span> <span class='ocrx_word' id='word_1_72' title='bbox 1012 1857 1187 1946; x_wconf 84' lang='lat' dir='ltr'><strong>plerumque</strong></span> <span class='ocrx_word' id='word_1_73' title='bbox 1201 1868 1352 1942; x_wconf 89' lang='lat' dir='ltr'><strong>abhorret,</strong></span> 
     </span>
     <span class='ocr_line' id='line_1_13' title="bbox 347 1967 1351 2048; baseline 0.004 -22"><span class='ocrx_word' id='word_1_74' title='bbox 347 1967 401 2026; x_wconf 87' lang='lat' dir='ltr'><strong>sed</strong></span> <span class='ocrx_word' id='word_1_75' title='bbox 420 1967 498 2025; x_wconf 88' lang='lat' dir='ltr'><strong>hano</strong></span> <span class='ocrx_word' id='word_1_76' title='bbox 514 1971 663 2042; x_wconf 66' lang='lat' dir='ltr'><strong>juncturam</strong></span> <span class='ocrx_word' id='word_1_77' title='bbox 683 1969 806 2046; x_wconf 87' lang='lat' dir='ltr'><strong>explent</strong></span> <span class='ocrx_word' id='word_1_78' title='bbox 824 1970 910 2048; x_wconf 87' lang='lat' dir='ltr'><strong>larga</strong></span> <span class='ocrx_word' id='word_1_79' title='bbox 930 1970 1150 2029; x_wconf 77' lang='lat' dir='ltr'><strong>derivationum</strong></span> <span class='ocrx_word' id='word_1_80' title='bbox 1171 1970 1351 2046; x_wconf 76' lang='lat' dir='ltr'><strong>subsidia1).</strong></span> 
     </span>
     <span class='ocr_line' id='line_1_14' title="bbox 348 2067 1353 2150; baseline 0.004 -22"><span class='ocrx_word' id='word_1_81' title='bbox 348 2067 530 2128; x_wconf 83' lang='lat' dir='ltr'><strong>Germanica</strong></span> <span class='ocrx_word' id='word_1_82' title='bbox 549 2070 581 2128; x_wconf 93' lang='lat' dir='ltr'><strong>in</strong></span> <span class='ocrx_word' id='word_1_83' title='bbox 600 2069 705 2148; x_wconf 84' lang='lat' dir='ltr'><strong>lingua</strong></span> <span class='ocrx_word' id='word_1_84' title='bbox 718 2073 886 2148; x_wconf 70' lang='lat' dir='ltr'><strong>composita</strong></span> <span class='ocrx_word' id='word_1_85' title='bbox 898 2072 991 2130; x_wconf 87' lang='lat' dir='ltr'><strong>verba</strong></span> <span class='ocrx_word' id='word_1_86' title='bbox 1010 2081 1071 2132; x_wconf 86' lang='lat' dir='ltr'><strong>tam</strong></span> <span class='ocrx_word' id='word_1_87' title='bbox 1091 2071 1261 2150; x_wconf 82' lang='lat' dir='ltr'><strong>frequentia</strong></span> <span class='ocrx_word' id='word_1_88' title='bbox 1274 2081 1353 2146; x_wconf 87' lang='lat' dir='ltr'><strong>sunt,</strong></span> 
     </span>
     <span class='ocr_line' id='line_1_15' title="bbox 345 2172 1352 2253; baseline 0.005 -24"><span class='ocrx_word' id='word_1_89' title='bbox 345 2180 379 2231; x_wconf 90' lang='lat' dir='ltr'><strong>nt</strong></span> <span class='ocrx_word' id='word_1_90' title='bbox 399 2172 496 2230; x_wconf 89' lang='lat' dir='ltr'><strong>oratio</strong></span> <span class='ocrx_word' id='word_1_91' title='bbox 522 2173 671 2232; x_wconf 90' lang='lat' dir='ltr'><strong>interdum</strong></span> <span class='ocrx_word' id='word_1_92' title='bbox 695 2173 841 2250; x_wconf 89' lang='lat' dir='ltr'><strong>impedita</strong></span> <span class='ocrx_word' id='word_1_93' title='bbox 864 2183 952 2252; x_wconf 89' lang='lat' dir='ltr'><strong>atque</strong></span> <span class='ocrx_word' id='word_1_94' title='bbox 977 2173 1176 2234; x_wconf 79' lang='lat' dir='ltr'><strong>tumida&#39;fiat.</strong></span> <span class='ocrx_word' id='word_1_95' title='bbox 1222 2173 1352 2253; x_wconf 84' lang='lat' dir='ltr'><strong>Compo-</strong></span> 
     </span>
     <span class='ocr_line' id='line_1_16' title="bbox 345 2274 1352 2356; baseline 0.003 -23"><span class='ocrx_word' id='word_1_96' title='bbox 345 2275 416 2333; x_wconf 82' lang='lat' dir='ltr'><strong>sitio</strong></span> <span class='ocrx_word' id='word_1_97' title='bbox 437 2274 482 2332; x_wconf 91' lang='lat' dir='ltr'><strong>ibi</strong></span> <span class='ocrx_word' id='word_1_98' title='bbox 501 2294 625 2334; x_wconf 89' lang='lat' dir='ltr'><strong>munere</strong></span> <span class='ocrx_word' id='word_1_99' title='bbox 644 2293 699 2334; x_wconf 91' lang='lat' dir='ltr'><strong>suo</strong></span> <span class='ocrx_word' id='word_1_100' title='bbox 720 2284 789 2352; x_wconf 89' lang='lat' dir='ltr'><strong>apte</strong></span> <span class='ocrx_word' id='word_1_101' title='bbox 808 2277 956 2356; x_wconf 82' lang='lat' dir='ltr'><strong>fungitur,</strong></span> <span class='ocrx_word' id='word_1_102' title='bbox 980 2277 1033 2335; x_wconf 91' lang='lat' dir='ltr'><strong>ubi</strong></span> <span class='ocrx_word' id='word_1_103' title='bbox 1054 2279 1128 2337; x_wconf 88' lang='lat' dir='ltr'><strong>duas</strong></span> <span class='ocrx_word' id='word_1_104' title='bbox 1149 2279 1288 2338; x_wconf 88' lang='lat' dir='ltr'><strong>notiones</strong></span> <span class='ocrx_word' id='word_1_105' title='bbox 1309 2279 1352 2336; x_wconf 88' lang='lat' dir='ltr'><strong>ita</strong></span> 
     </span>
     <span class='ocr_line' id='line_1_17' title="bbox 345 2377 1352 2456; baseline 0.008 -23"><span class='ocrx_word' id='word_1_106' title='bbox 345 2377 513 2454; x_wconf 84' lang='lat' dir='ltr'><strong>conjungit,</strong></span> <span class='ocrx_word' id='word_1_107' title='bbox 537 2385 571 2435; x_wconf 90' lang='lat' dir='ltr'><strong>ut</strong></span> <span class='ocrx_word' id='word_1_108' title='bbox 595 2396 684 2435; x_wconf 90' lang='lat' dir='ltr'><strong>unam</strong></span> <span class='ocrx_word' id='word_1_109' title='bbox 709 2378 796 2455; x_wconf 86' lang='lat' dir='ltr'><strong>qnasi</strong></span> <span class='ocrx_word' id='word_1_110' title='bbox 820 2379 982 2456; x_wconf 82' lang='lat' dir='ltr'><strong>imaginem</strong></span> <span class='ocrx_word' id='word_1_111' title='bbox 1007 2379 1151 2451; x_wconf 82' lang='lat' dir='ltr'><strong>efficiant3</strong></span> <span class='ocrx_word' id='word_1_112' title='bbox 1182 2381 1235 2438; x_wconf 89' lang='lat' dir='ltr'><strong>sed</strong></span> <span class='ocrx_word' id='word_1_113' title='bbox 1258 2380 1352 2441; x_wconf 84' lang='lat' dir='ltr'><strong>verba</strong></span> 
     </span>
     <span class='ocr_line' id='line_1_18' title="bbox 344 2476 1350 2560; baseline 0.009 -26"><span class='ocrx_word' id='word_1_114' title='bbox 344 2476 440 2536; x_wconf 87' lang='lat' dir='ltr'><strong>latina</strong></span> <span class='ocrx_word' id='word_1_115' title='bbox 462 2481 592 2549; x_wconf 78' lang='lat' dir='ltr'><strong>societas,</strong></span> <span class='ocrx_word' id='word_1_116' title='bbox 615 2481 732 2552; x_wconf 75' lang='lat' dir='ltr'><strong>justitio</strong></span> <span class='ocrx_word' id='word_1_117' title='bbox 754 2489 911 2556; x_wconf 82' lang='lat' dir='ltr'><strong>praestant</strong></span> <span class='ocrx_word' id='word_1_118' title='bbox 934 2481 1128 2560; x_wconf 81' lang='lat' dir='ltr'><strong>germanicis:</strong></span> <span class='ocrx_word' id='word_1_119' title='bbox 1162 2479 1350 2559; x_wconf 60' lang='lat' dir='ltr'><strong>(dulculdpslt,</strong></span> 
     </span>
     <span class='ocr_line' id='line_1_19' title="bbox 304 2574 1285 2663; baseline -0.005 -16"><span class='ocrx_word' id='word_1_120' title='bbox 304 2627 307 2647; x_wconf 83' lang='grc'>.</span> <span class='ocrx_word' id='word_1_121' title='bbox 344 2574 588 2658; x_wconf 60' lang='lat' dir='ltr'><strong>deteqttgtetttp</strong></span> <span class='ocrx_word' id='word_1_122' title='bbox 609 2583 681 2659; x_wconf 87' lang='lat' dir='ltr'><strong>quia</strong></span> <span class='ocrx_word' id='word_1_123' title='bbox 700 2581 748 2640; x_wconf 90' lang='lat' dir='ltr'><strong>hie</strong></span> <span class='ocrx_word' id='word_1_124' title='bbox 768 2581 922 2659; x_wconf 86' lang='lat' dir='ltr'><strong>simplices</strong></span> <span class='ocrx_word' id='word_1_125' title='bbox 942 2584 1082 2663; x_wconf 81' lang='lat' dir='ltr'><strong>notiones</strong></span> <span class='ocrx_word' id='word_1_126' title='bbox 1103 2583 1285 2661; x_wconf 86' lang='lat' dir='ltr'><strong>flagitantur.</strong></span> 
     </span>
    </p>

    <p class='ocr_par' dir='ltr' id='par_1_5' title="bbox 263 2679 1349 3578">
     <span class='ocr_line' id='line_1_20' title="bbox 421 2679 1349 2763; baseline 0.006 -23"><span class='ocrx_word' id='word_1_127' title='bbox 421 2679 518 2760; x_wconf 84' lang='lat' dir='ltr'><strong>Saepe</strong></span> <span class='ocrx_word' id='word_1_128' title='bbox 543 2691 706 2763; x_wconf 88' lang='lat' dir='ltr'><strong>queruntur</strong></span> <span class='ocrx_word' id='word_1_129' title='bbox 726 2685 783 2742; x_wconf 89' lang='lat' dir='ltr'><strong>hoo</strong></span> <span class='ocrx_word' id='word_1_130' title='bbox 810 2684 922 2742; x_wconf 86' lang='lat' dir='ltr'><strong>illudve</strong></span> <span class='ocrx_word' id='word_1_131' title='bbox 947 2685 1072 2742; x_wconf 88' lang='lat' dir='ltr'><strong>verbum</strong></span> <span class='ocrx_word' id='word_1_132' title='bbox 1097 2687 1296 2762; x_wconf 82' lang='lat' dir='ltr'><strong>compositum</strong></span> <span class='ocrx_word' id='word_1_133' title='bbox 1316 2688 1349 2746; x_wconf 89' lang='lat' dir='ltr'><strong>in</strong></span> 
     </span>
     <span class='ocr_line' id='line_1_21' title="bbox 341 2785 1348 2865; baseline 0.005 -22"><span class='ocrx_word' id='word_1_134' title='bbox 341 2785 447 2863; x_wconf 86' lang='lat' dir='ltr'><strong>lingua</strong></span> <span class='ocrx_word' id='word_1_135' title='bbox 459 2786 688 2865; x_wconf 86' lang='lat' dir='ltr'><strong>franco-gallioa</strong></span> <span class='ocrx_word' id='word_1_136' title='bbox 707 2793 768 2844; x_wconf 89' lang='lat' dir='ltr'><strong>tam</strong></span> <span class='ocrx_word' id='word_1_137' title='bbox 782 2795 921 2848; x_wconf 80' lang='lat' dir='ltr'><strong>accurate</strong></span> <span class='ocrx_word' id='word_1_138' title='bbox 938 2787 1023 2845; x_wconf 86' lang='lat' dir='ltr'><strong>reddi</strong></span> <span class='ocrx_word' id='word_1_139' title='bbox 1045 2807 1105 2846; x_wconf 91' lang='lat' dir='ltr'><strong>non</strong></span> <span class='ocrx_word' id='word_1_140' title='bbox 1118 2807 1219 2865; x_wconf 82' lang='lat' dir='ltr'><strong>posse,</strong></span> <span class='ocrx_word' id='word_1_141' title='bbox 1240 2797 1273 2848; x_wconf 91' lang='lat' dir='ltr'><strong>ut</strong></span> <span class='ocrx_word' id='word_1_142' title='bbox 1286 2808 1348 2848; x_wconf 83' lang='lat' dir='ltr'><strong>vox</strong></span> 
     </span>
     <span class='ocr_line' id='line_1_22' title="bbox 340 2887 1347 2969; baseline 0.003 -22"><span class='ocrx_word' id='word_1_143' title='bbox 340 2890 409 2947; x_wconf 88' lang='lat' dir='ltr'><strong>voei</strong></span> <span class='ocrx_word' id='word_1_144' title='bbox 421 2889 612 2966; x_wconf 85' lang='lat' dir='ltr'><strong>respondeat.</strong></span> <span class='ocrx_word' id='word_1_145' title='bbox 639 2887 707 2959; x_wconf 80' lang='lat' dir='ltr'><strong>¹Sed</strong></span> <span class='ocrx_word' id='word_1_146' title='bbox 720 2889 759 2946; x_wconf 93' lang='lat' dir='ltr'><strong>ob</strong></span> <span class='ocrx_word' id='word_1_147' title='bbox 774 2889 894 2968; x_wconf 88' lang='lat' dir='ltr'><strong>singula</strong></span> <span class='ocrx_word' id='word_1_148' title='bbox 906 2890 1000 2948; x_wconf 87' lang='lat' dir='ltr'><strong>verba</strong></span> <span class='ocrx_word' id='word_1_149' title='bbox 1019 2890 1056 2948; x_wconf 90' lang='lat' dir='ltr'><strong>de</strong></span> <span class='ocrx_word' id='word_1_150' title='bbox 1069 2889 1212 2950; x_wconf 89' lang='lat' dir='ltr'><strong>universa</strong></span> <span class='ocrx_word' id='word_1_151' title='bbox 1224 2891 1347 2969; x_wconf 83' lang='lat' dir='ltr'><strong>linguae</strong></span> 
     </span>
     <span class='ocr_line' id='line_1_23' title="bbox 263 2991 1346 3070; baseline 0.005 -20"><span class='ocrx_word' id='word_1_152' title='bbox 263 3056 266 3061; x_wconf 53' lang='grc'>,</span> <span class='ocrx_word' id='word_1_153' title='bbox 340 2999 448 3050; x_wconf 87' lang='lat' dir='ltr'><strong>natura</strong></span> <span class='ocrx_word' id='word_1_154' title='bbox 463 2991 595 3066; x_wconf 81' lang='lat' dir='ltr'><strong>judicari</strong></span> <span class='ocrx_word' id='word_1_155' title='bbox 607 2991 720 3068; x_wconf 89' lang='lat' dir='ltr'><strong>nequit,</strong></span> <span class='ocrx_word' id='word_1_156' title='bbox 739 2993 917 3067; x_wconf 89' lang='lat' dir='ltr'><strong>praesertim</strong></span> <span class='ocrx_word' id='word_1_157' title='bbox 932 3013 1023 3070; x_wconf 92' lang='lat' dir='ltr'><strong>quum</strong></span> <span class='ocrx_word' id='word_1_158' title='bbox 1036 2991 1129 3051; x_wconf 89' lang='lat' dir='ltr'><strong>verba</strong></span> <span class='ocrx_word' id='word_1_159' title='bbox 1144 3012 1192 3052; x_wconf 90' lang='lat' dir='ltr'><strong>res</strong></span> <span class='ocrx_word' id='word_1_160' title='bbox 1207 2993 1346 3055; x_wconf 77' lang='lat' dir='ltr'><strong>sensibus</strong></span> 
     </span>
     <span class='ocr_line' id='line_1_24' title="bbox 340 3093 1345 3172; baseline 0.004 -20"><span class='ocrx_word' id='word_1_161' title='bbox 340 3093 508 3152; x_wconf 80' lang='lat' dir='ltr'><strong>subtractas</strong></span> <span class='ocrx_word' id='word_1_162' title='bbox 530 3093 720 3171; x_wconf 75' lang='lat' dir='ltr'><strong>designantia</strong></span> <span class='ocrx_word' id='word_1_163' title='bbox 738 3112 819 3168; x_wconf 89' lang='lat' dir='ltr'><strong>raro</strong></span> <span class='ocrx_word' id='word_1_164' title='bbox 831 3094 863 3150; x_wconf 91' lang='lat' dir='ltr'><strong>in</strong></span> <span class='ocrx_word' id='word_1_165' title='bbox 883 3095 1011 3152; x_wconf 82' lang='lat' dir='ltr'><strong>diversis</strong></span> <span class='ocrx_word' id='word_1_166' title='bbox 1031 3095 1144 3172; x_wconf 86' lang='lat' dir='ltr'><strong>linguis</strong></span> <span class='ocrx_word' id='word_1_167' title='bbox 1164 3096 1255 3172; x_wconf 90' lang='lat' dir='ltr'><strong>plane</strong></span> <span class='ocrx_word' id='word_1_168' title='bbox 1276 3115 1345 3156; x_wconf 91' lang='lat' dir='ltr'><strong>eon·</strong></span> 
     </span>
     <span class='ocr_line' id='line_1_25' title="bbox 339 3195 1345 3276; baseline 0.003 -22"><span class='ocrx_word' id='word_1_169' title='bbox 339 3204 456 3275; x_wconf 66' lang='lat' dir='ltr'><strong>grum.</strong></span> <span class='ocrx_word' id='word_1_170' title='bbox 485 3199 585 3274; x_wconf 86' lang='lat' dir='ltr'><strong>Atque</strong></span> <span class='ocrx_word' id='word_1_171' title='bbox 599 3195 655 3254; x_wconf 88' lang='lat' dir='ltr'><strong>hae</strong></span> <span class='ocrx_word' id='word_1_172' title='bbox 676 3195 712 3252; x_wconf 93' lang='lat' dir='ltr'><strong>de</strong></span> <span class='ocrx_word' id='word_1_173' title='bbox 729 3202 814 3271; x_wconf 87' lang='lat' dir='ltr'><strong>parte</strong></span> <span class='ocrx_word' id='word_1_174' title='bbox 828 3195 942 3254; x_wconf 84' lang='lat' dir='ltr'><strong>nnllam</strong></span> <span class='ocrx_word' id='word_1_175' title='bbox 954 3197 1089 3276; x_wconf 87' lang='lat' dir='ltr'><strong>linguam</strong></span> <span class='ocrx_word' id='word_1_176' title='bbox 1109 3197 1141 3255; x_wconf 88' lang='lat' dir='ltr'><strong>in</strong></span> <span class='ocrx_word' id='word_1_177' title='bbox 1155 3198 1245 3256; x_wconf 87' lang='lat' dir='ltr'><strong>aliam</strong></span> <span class='ocrx_word' id='word_1_178' title='bbox 1259 3217 1345 3258; x_wconf 88' lang='lat' dir='ltr'><strong>aeou·</strong></span> 
     </span>
     <span class='ocr_line' id='line_1_26' title="bbox 337 3298 1344 3378; baseline -0.003 -18"><span class='ocrx_word' id='word_1_179' title='bbox 337 3307 402 3360; x_wconf 86' lang='lat' dir='ltr'><strong>rate</strong></span> <span class='ocrx_word' id='word_1_180' title='bbox 412 3308 529 3359; x_wconf 90' lang='lat' dir='ltr'><strong>vertere</strong></span> <span class='ocrx_word' id='word_1_181' title='bbox 541 3299 622 3358; x_wconf 87' lang='lat' dir='ltr'><strong>lieet.</strong></span> <span class='ocrx_word' id='word_1_182' title='bbox 652 3298 695 3360; x_wconf 91' lang='lat' dir='ltr'><strong>Ut</strong></span> <span class='ocrx_word' id='word_1_183' title='bbox 709 3298 788 3358; x_wconf 90' lang='lat' dir='ltr'><strong>enim</strong></span> <span class='ocrx_word' id='word_1_184' title='bbox 803 3301 956 3374; x_wconf 87' lang='lat' dir='ltr'><strong>teutonioa</strong></span> <span class='ocrx_word' id='word_1_185' title='bbox 967 3301 1061 3358; x_wconf 86' lang='lat' dir='ltr'><strong>verba</strong></span> <span class='ocrx_word' id='word_1_186' title='bbox 1074 3301 1241 3378; x_wconf 85' lang='lat' dir='ltr'><strong>composite</strong></span> <span class='ocrx_word' id='word_1_187' title='bbox 1255 3318 1344 3376; x_wconf 82' lang='lat' dir='ltr'><strong>aegre</strong></span> 
     </span>
     <span class='ocr_line' id='line_1_27' title="bbox 337 3400 1343 3482; baseline -0.002 -22"><span class='ocrx_word' id='word_1_188' title='bbox 337 3402 574 3482; x_wconf 81' lang='lat' dir='ltr'><strong>franco-gallicis</strong></span> <span class='ocrx_word' id='word_1_189' title='bbox 588 3401 805 3477; x_wconf 77' lang='lat' dir='ltr'><strong>exprimuntur,</strong></span> <span class='ocrx_word' id='word_1_190' title='bbox 821 3401 864 3458; x_wconf 90' lang='lat' dir='ltr'><strong>ita</strong></span> <span class='ocrx_word' id='word_1_191' title='bbox 876 3401 1171 3479; x_wconf 83' lang='lat' dir='ltr'><strong>franco-gallicarum</strong></span> <span class='ocrx_word' id='word_1_192' title='bbox 1182 3400 1343 3458; x_wconf 85' lang='lat' dir='ltr'><strong>derivatio-</strong></span> 
     </span>
     <span class='ocr_line' id='line_1_28' title="bbox 336 3501 1299 3578; baseline -0.005 -13"><span class='ocrx_word' id='word_1_193' title='bbox 336 3523 407 3564; x_wconf 89' lang='lat' dir='ltr'><strong>num</strong></span> <span class='ocrx_word' id='word_1_194' title='bbox 428 3505 611 3564; x_wconf 81' lang='lat' dir='ltr'><strong>subtilitates</strong></span> <span class='ocrx_word' id='word_1_195' title='bbox 631 3501 785 3560; x_wconf 86' lang='lat' dir='ltr'><strong>teutonioa</strong></span> <span class='ocrx_word' id='word_1_196' title='bbox 804 3501 910 3578; x_wconf 83' lang='lat' dir='ltr'><strong>lingua</strong></span> <span class='ocrx_word' id='word_1_197' title='bbox 929 3503 1106 3560; x_wconf 87' lang='lat' dir='ltr'><strong>diffieillime</strong></span> <span class='ocrx_word' id='word_1_198' title='bbox 1125 3502 1299 3562; x_wconf 87' lang='lat' dir='ltr'><strong>redduntur.</strong></span> 
     </span>
    </p>

    <p class='ocr_par' dir='ltr' id='par_1_6' title="bbox 335 3603 1346 3786">
     <span class='ocr_line' id='line_1_29' title="bbox 412 3603 1343 3681; baseline -0.001 -15"><span class='ocrx_word' id='word_1_199' title='bbox 412 3605 644 3666; x_wconf 86' lang='lat' dir='ltr'><strong>Derivationum</strong></span> <span class='ocrx_word' id='word_1_200' title='bbox 669 3603 749 3660; x_wconf 90' lang='lat' dir='ltr'><strong>euim</strong></span> <span class='ocrx_word' id='word_1_201' title='bbox 773 3603 876 3679; x_wconf 85' lang='lat' dir='ltr'><strong>eopia,</strong></span> <span class='ocrx_word' id='word_1_202' title='bbox 901 3623 978 3681; x_wconf 87' lang='lat' dir='ltr'><strong>qnae</strong></span> <span class='ocrx_word' id='word_1_203' title='bbox 1002 3610 1147 3662; x_wconf 86' lang='lat' dir='ltr'><strong>attentum</strong></span> <span class='ocrx_word' id='word_1_204' title='bbox 1172 3609 1202 3664; x_wconf 91' lang='lat' dir='ltr'><strong>ot</strong></span> <span class='ocrx_word' id='word_1_205' title='bbox 1222 3613 1343 3666; x_wconf 77' lang='lat' dir='ltr'><strong>auitam</strong></span> 
     </span>
     <span class='ocr_line' id='line_1_30' title="bbox 335 3704 1346 3786; baseline 0 -17"><span class='ocrx_word' id='word_1_206' title='bbox 335 3711 467 3772; x_wconf 86' lang='lat' dir='ltr'><strong>animum</strong></span> <span class='ocrx_word' id='word_1_207' title='bbox 487 3713 649 3777; x_wconf 85' lang='lat' dir='ltr'><strong>testantur,</strong></span> <span class='ocrx_word' id='word_1_208' title='bbox 674 3704 912 3784; x_wconf 72' lang='lat' dir='ltr'><strong>franco-gallim</strong></span> <span class='ocrx_word' id='word_1_209' title='bbox 929 3706 1036 3786; x_wconf 83' lang='lat' dir='ltr'><strong>lingua</strong></span> <span class='ocrx_word' id='word_1_210' title='bbox 1055 3707 1195 3768; x_wconf 86' lang='lat' dir='ltr'><strong>omnibus</strong></span> <span class='ocrx_word' id='word_1_211' title='bbox 1214 3707 1346 3785; x_wconf 81' lang='lat' dir='ltr'><strong>reliquis</strong></span> 
     </span>
    </p>
   </div>
   <div class='ocr_carea' id='block_1_5' title="bbox 333 3935 1342 4198">
    <p class='ocr_par' dir='ltr' id='par_1_7' title="bbox 333 3935 1342 4127">
     <span class='ocr_line' id='line_1_31' title="bbox 385 3935 1342 3990; baseline -0.001 -11"><span class='ocrx_word' id='word_1_212' title='bbox 385 3938 406 3990; x_wconf 87' lang='lat'><strong>1)</strong></span> <span class='ocrx_word' id='word_1_213' title='bbox 419 3937 465 3978; x_wconf 75' lang='lat' dir='ltr'><strong>dac.</strong></span> <span class='ocrx_word' id='word_1_214' title='bbox 479 3937 570 3986; x_wconf 77' lang='lat' dir='ltr'><strong>Grtmm,</strong></span> <span class='ocrx_word' id='word_1_215' title='bbox 583 3937 687 3979; x_wconf 78' lang='lat' dir='ltr'><strong>deutsche</strong></span> <span class='ocrx_word' id='word_1_216' title='bbox 701 3937 843 3989; x_wconf 76' lang='lat' dir='ltr'><strong>Grammsttk,</strong></span> <span class='ocrx_word' id='word_1_217' title='bbox 855 3937 882 3980; x_wconf 84' lang='lat'><strong>11.</strong></span> <span class='ocrx_word' id='word_1_218' title='bbox 895 3949 917 3988; x_wconf 84' lang='lat' dir='ltr'><strong>p.</strong></span> <span class='ocrx_word' id='word_1_219' title='bbox 930 3937 987 3979; x_wconf 69' lang='lat' dir='ltr'><strong>mr</strong></span> <span class='ocrx_word' id='word_1_220' title='bbox 1010 3939 1052 3980; x_wconf 79' lang='lat' dir='ltr'><strong>den</strong></span> <span class='ocrx_word' id='word_1_221' title='bbox 1065 3935 1150 3988; x_wconf 73' lang='lat' dir='ltr'><strong>mangot</strong></span> <span class='ocrx_word' id='word_1_222' title='bbox 1164 3947 1191 3976; x_wconf 84' lang='grc' dir='ltr'><strong>ιι</strong></span> <span class='ocrx_word' id='word_1_223' title='bbox 1205 3945 1342 3986; x_wconf 71' lang='lat' dir='ltr'><strong>zusammen,</strong></span> 
     </span>
     <span class='ocr_line' id='line_1_32' title="bbox 335 4004 1340 4068; baseline 0 -18"><span class='ocrx_word' id='word_1_224' title='bbox 335 4012 453 4059; x_wconf 68' lang='lat' dir='ltr'><strong>setinum</strong></span> <span class='ocrx_word' id='word_1_225' title='bbox 465 4004 565 4061; x_wconf 68' lang='lat' dir='ltr'><strong>vergttet</strong></span> <span class='ocrx_word' id='word_1_226' title='bbox 583 4006 638 4048; x_wconf 73' lang='lat' dir='ltr'><strong>aneu</strong></span> <span class='ocrx_word' id='word_1_227' title='bbox 657 4009 809 4052; x_wconf 77' lang='lat' dir='ltr'><strong>romuntsoueu</strong></span> <span class='ocrx_word' id='word_1_228' title='bbox 827 4008 935 4060; x_wconf 71' lang='lat' dir='ltr'><strong>aponum</strong></span> <span class='ocrx_word' id='word_1_229' title='bbox 951 4007 988 4052; x_wconf 86' lang='lat' dir='ltr'><strong>etu</strong></span> <span class='ocrx_word' id='word_1_230' title='bbox 1004 4007 1126 4066; x_wconf 72' lang='lat' dir='ltr'><strong>reiohtuunt</strong></span> <span class='ocrx_word' id='word_1_231' title='bbox 1138 4005 1340 4068; x_wconf 27' lang='lat' dir='ltr'><strong>vouaattettuupeu.</strong></span> 
     </span>
     <span class='ocr_line' id='line_1_33' title="bbox 333 4073 907 4127; baseline -0.002 -9"><span class='ocrx_word' id='word_1_232' title='bbox 333 4079 366 4118; x_wconf 81' lang='lat' dir='ltr'><strong>Im</strong></span> <span class='ocrx_word' id='word_1_233' title='bbox 380 4075 497 4116; x_wconf 84' lang='lat' dir='ltr'><strong>deutschen</strong></span> <span class='ocrx_word' id='word_1_234' title='bbox 511 4073 595 4116; x_wconf 73' lang='lat' dir='ltr'><strong>verhilt</strong></span> <span class='ocrx_word' id='word_1_235' title='bbox 607 4085 631 4114; x_wconf 86' lang='lat' dir='ltr'><strong>es</strong></span> <span class='ocrx_word' id='word_1_236' title='bbox 644 4075 691 4114; x_wconf 84' lang='lat' dir='ltr'><strong>sich</strong></span> <span class='ocrx_word' id='word_1_237' title='bbox 705 4076 760 4115; x_wconf 81' lang='lat' dir='ltr'><strong>nahe</strong></span> <span class='ocrx_word' id='word_1_238' title='bbox 774 4077 907 4127; x_wconf 76' lang='lat' dir='ltr'><strong>nmgelrehrt.</strong></span> 
     </span>
    </p>

    <p class='ocr_par' dir='ltr' id='par_1_8' title="bbox 341 4139 974 4198">
     <span class='ocr_line' id='line_1_34' title="bbox 341 4139 974 4198; baseline -0.011 -9"><span class='ocrx_word' id='word_1_239' title='bbox 341 4159 344 4166; x_wconf 91' lang='grc'>·</span> <span class='ocrx_word' id='word_1_240' title='bbox 384 4143 405 4198; x_wconf 76' lang='lat'><strong>8)</strong></span> <span class='ocrx_word' id='word_1_241' title='bbox 418 4144 465 4187; x_wconf 77' lang='lat' dir='ltr'><strong>dte·</strong></span> <span class='ocrx_word' id='word_1_242' title='bbox 478 4139 569 4194; x_wconf 76' lang='lat' dir='ltr'><strong>annm,</strong></span> <span class='ocrx_word' id='word_1_243' title='bbox 582 4141 686 4186; x_wconf 75' lang='lat' dir='ltr'><strong>deutsche</strong></span> <span class='ocrx_word' id='word_1_244' title='bbox 696 4143 841 4194; x_wconf 74' lang='lat' dir='ltr'><strong>Grummttk,</strong></span> <span class='ocrx_word' id='word_1_245' title='bbox 854 4145 882 4184; x_wconf 87' lang='lat'><strong>11.</strong></span> <span class='ocrx_word' id='word_1_246' title='bbox 894 4155 916 4195; x_wconf 83' lang='lat' dir='ltr'><strong>p.</strong></span> <span class='ocrx_word' id='word_1_247' title='bbox 928 4139 974 4184; x_wconf 75' lang='grc'><strong>965.</strong></span> 
     </span>
    </p>
   </div>
   <div class='ocr_carea' id='block_1_6' title="bbox 0 0 1562 5194">
    <p class='ocr_par' dir='ltr' id='par_1_9' title="bbox 0 0 1562 5194">
     <span class='ocr_line' id='line_1_35' title="bbox 0 0 1562 5194; baseline 0 10"><span class='ocrx_word' id='word_1_248' title='bbox 0 0 1562 5194; x_wconf 95' lang='lat' dir='ltr'><strong> </strong></span> 
     </span>
    </p>
   </div>
  </div>
 </body>
</html>
