3114 5194
193 746 306 806 debant
320 743 361 820 ¹),
388 744 445 804 etsi
471 743 599 820 denique
624 742 764 802 Massilia
788 742 948 820 Gallorum
967 743 1107 804 Athenae
1131 761 1198 804 esse

193 848 424 927 praedicabatur
440 847 479 922 ῆι
511 846 607 906 latina
637 852 737 903 tamen
761 845 867 924 lingua
895 854 929 904 ui
951 847 1043 906 arbor
1068 846 1198 904 alienam

192 953 225 1010 in
253 951 407 1028 regionem
436 948 658 1025 transplantata
692 966 843 1025 nunquam
878 949 910 1006 in
940 946 1044 1007 Gallia
1072 955 1197 1008 naturae

193 1054 328 1131 vigorem
348 1051 495 1123 obtinuit,
519 1058 584 1110 arte
604 1070 664 1108 non
685 1058 807 1120 natura,
827 1049 907 1107 alma
926 1051 1058 1121 nutrice,
1079 1049 1197 1108 coleba-

192 1164 249 1214 tur.
303 1153 425 1213 Gallica
461 1151 613 1230 elegantia
650 1152 740 1210 nimis
778 1151 944 1210 artificiosa
977 1150 1198 1210 Germanorum

191 1255 428 1333 irrumpentibus
459 1254 589 1312 catervis
618 1254 739 1313 saeculo
764 1254 801 1311 V.
832 1254 930 1313 cultus
959 1253 1078 1312 romani
1107 1253 1197 1312 flores

192 1357 419 1436 detergentibus
440 1355 609 1416 abstrusam
630 1355 845 1416 obscuritatem
865 1356 1006 1433 captabat
1015 1355 1050 1430 ³).
1072 1387 1109 1398 —

269 1459 433 1518 Praeterea
457 1458 488 1514 in
513 1457 692 1533 quibusdam
716 1466 798 1518 certe
819 1457 1096 1533 Galliaepartibus
1119 1457 1196 1534 pris-
1297 1467 1305 1476 ’

192 1583 258 1622 oam
278 1562 413 1639 linguam
433 1560 584 1618 communi
604 1560 636 1618 in
657 1561 838 1619 commercio
857 1559 991 1618 noudum
1009 1558 1197 1618 obsolevisse

192 1663 398 1724 testimouium
437 1661 563 1736 praebet
596 1660 746 1738 Ulpianus
763 1661 803 1736 ⁴).
860 1659 1033 1737 (Sulpicius
1066 1658 1196 1720 Severus

191 1766 274 1825 Dial.
304 1765 328 1822 1.
359 1763 412 1822 ult.
443 1763 603 1840 distinguit
632 1764 711 1822 inter
741 1763 878 1824 celticam
908 1763 1107 1840 gallicamque
1139 1761 1196 1820 lin-

191 1866 305 1947 guam.)
348 1866 476 1940 Insuper
502 1865 621 1922 acriora
645 1865 682 1922 de
706 1865 774 1942 lege
797 1865 892 1924 salica
915 1865 1016 1924 studia
1035 1863 1196 1924 admodum

191 1966 351 2047 probabile
377 1965 573 2024 reddiderunt
602 1965 710 2025 celtica
730 1968 801 2041 jura
821 1969 910 2042 juxta
938 1966 1033 2024 latina
1057 1965 1197 2024 instituta

192 2071 298 2129 eodem
325 2067 415 2126 modo
446 2085 506 2143 quo
536 2068 710 2146 indigenam
738 2069 873 2146 linguam
895 2071 984 2143 juxta
1001 2048 1197 2145 ¹peregrinam

192 2169 355 2230 infinibus
375 2167 538 2246 Belgarum
558 2169 683 2230 durasse
693 2170 729 2246 ⁵).

268 2271 369 2347 Quum
392 2272 424 2328 in
449 2271 583 2347 gentium
611 2271 792 2349 migratione
818 2271 917 2330 omnis
942 2268 1046 2329 Gallia
1070 2269 1195 2331 Germa-
1269 2303 1274 2314 ·

191 2393 299 2434 norum
327 2373 424 2450 copiis
455 2373 580 2449 impleta
609 2381 698 2449 atque
723 2373 929 2432 Romanorum
959 2372 1112 2432 imbecillo
1140 2375 1196 2431 im·

190 2478 276 2555 perio
301 2483 404 2552 erepta
428 2482 522 2546 esset,
547 2475 639 2534 etiam
663 2475 832 2534 artificialis
856 2475 914 2534 iste
937 2474 1060 2552 linguae
1083 2476 1197 2535 latinae

190 2579 289 2644 cultus
312 2577 411 2654 periit.
436 2609 474 2620 -
499 2574 700 2653 Sequentibus
725 2577 854 2636 saeculis
878 2579 1031 2654 usquead
1051 2576 1196 2637 Carolum

190 2684 333 2760 Magnum
344 2679 477 2739 tenebris
492 2679 682 2756 ignorantiae
695 2679 940 2756 immanitateque
952 2679 1102 2738 barbariei
1113 2699 1195 2757 pres·

192 2785 235 2842 sis
254 2783 343 2842 initia
362 2780 619 2858 franco-gallicae
642 2780 765 2858 linguae
784 2781 911 2857 produci
931 2789 1039 2858 coepta
1058 2789 1136 2842 sunt.
1157 2815 1195 2826 -

192 2882 253 2944 Sed
266 2900 446 2959 quamquam
465 2889 499 2938 ut
511 2882 652 2940 omnibus
666 2883 698 2941 in
711 2883 849 2958 partibus
863 2903 882 2941 a
894 2885 1004 2942 mentis
1018 2884 1195 2957 subtilitate,

191 3005 253 3046 non
277 3004 297 3043 a
320 2983 457 3060 corporis
483 2982 594 3042 robore
618 2983 834 3060 pendentibus,
863 2984 907 3044 sic
932 2984 981 3044 hic
1004 3004 1123 3063 quoque
1147 3005 1195 3044 ro-

191 3106 280 3146 mana
300 3085 464 3144 auctoritas
484 3085 702 3161 praepollebat,
723 3086 835 3146 devicti
854 3095 955 3146 tamen
974 3087 1105 3147 Romani
1119 3085 1196 3147 Ger-

190 3189 289 3248 manis
328 3187 547 3264 imperantibus
586 3188 721 3266 linguam
754 3208 841 3248 suam
874 3208 935 3248 non
968 3190 1000 3247 vi
1039 3190 1196 3266 injungere

189 3299 337 3370 poterant.
353 3323 391 3334 -
405 3287 566 3364 Quocirca,
586 3297 620 3348 ut
631 3289 758 3349 latinam
771 3291 907 3368 linguam
920 3289 1078 3369 paullatim
1091 3307 1196 3351 rursus

240 3523 261 3573 1)
276 3523 390 3572 Angustia.
406 3520 453 3560 clv.
466 3519 516 3560 Dei.
528 3520 585 3560 lilii.
598 3531 619 3569 p.
633 3520 663 3560 ιι
683 3521 712 3560 lit
725 3521 784 3560 enim
798 3531 865 3571 opera
878 3522 929 3560 data
942 3525 983 3569 est,
996 3525 1020 3561 nt
1033 3517 1152 3570 imperiosa
1164 3523 1195 3562 ci-

190 3589 246 3628 ritae
259 3600 303 3628 uon
316 3590 386 3628 solum
397 3591 485 3638 logum,
500 3599 575 3628 rerum
588 3589 655 3629 etiam
667 3589 763 3640 linguam
776 3600 837 3630 suam
850 3590 940 3630 domitis
953 3591 1054 3640 gentibus
1067 3600 1196 3641 perpacem

190 3656 302 3697 societatis
315 3656 443 3704 imponeret.

241 3738 262 3790 ἱ)
277 3738 362 3787 creare,
374 3750 396 3788 p.
407 3739 440 3778 Fi.
452 3739 495 3788 ao.;
509 3741 606 3790 Tacitus,
620 3742 715 3793 Agriani.
727 3743 758 3790 i.;
776 3743 852 3783 Strabo
866 3743 903 3783 Ν.
914 3753 936 3792 p.
950 3742 994 3781 181.

241 3822 262 3875 ³)
277 3822 340 3863 conf·
352 3819 487 3873 arraserit,
500 3823 605 3876 aestua
619 3825 731 3876 atteretur,
743 3827 807 3882 aaut
821 3825 878 3866 1850.
898 3837 920 3878 p.
933 3825 977 3866 ees.

240 3909 262 3960 i)
277 3909 382 3960 Ulpianus
395 3907 419 3946 in
432 3907 657 3960 nigg.xxx11.,'rtt.
670 3912 687 3952 Ι.
704 3924 726 3962 p.
739 3912 781 3951 11.:
800 3911 865 3952 Fidei
878 3911 994 3952 commissa
1007 3921 1135 3962 quoeunque
1149 3921 1194 3952 esr-

189 3987 253 4016 nnons
267 3977 360 4026 relinqui
373 3979 472 4026 possunt,
485 3986 529 4016 non
542 3977 613 4018 solum
625 3979 704 4020 Latina
717 3981 751 4020 vsl
761 3979 850 4030 Graeca,
863 3981 902 4022 sed
914 3980 981 4022 stiam
989 3979 1072 4022 Punica
1085 3980 1120 4020 vel
1133 3979 1194 4020 Gal·

189 4043 280 4084 licant
292 4044 325 4084 val
338 4043 428 4085 alterius
441 4046 587 4096 cuiuscunque
600 4047 679 4096 uentis.

241 4125 263 4178 ⁵)
276 4125 408 4181 breuitate,
421 4126 528 4183 illinitus
540 4129 651 4183 alteratur,
663 4141 685 4182 p.
697 4131 729 4173 ta.
