3114 5194
747 538 1010 602 —2-

376 723 538 782 corumque
558 707 590 763 in
610 703 699 762 bellis
713 703 807 762 sacris
828 703 944 777 attinet,
964 705 1180 784 nonmagnum
1201 713 1229 770 ei
1243 712 1374 772 tribuen-

376 807 447 866 dum
472 815 529 876 est,
559 805 701 880 quoniam
730 805 784 862 illo
809 813 944 881 tempore
968 826 1029 864 non
1059 807 1149 866 modo
1180 809 1376 870 fundamenta

374 907 495 984 linguae
515 905 761 984 franco-gallicae
778 909 862 981 jacta
881 916 976 980 erant,
997 909 1050 967 sed
1070 909 1160 967 etiam
1179 910 1309 986 parietes
1330 913 1373 968 ita

369 1011 433 1082 jam
463 1008 609 1065 exstructi
642 1017 741 1081 erant,
774 1016 808 1066 ut
837 1007 904 1068 sola
933 1011 1112 1088 contagione
1146 1011 1237 1070 alieni
1269 1011 1375 1087 populi

374 1108 468 1166 everti
488 1109 657 1185 nequirent.

399 1278 401 1282 .
449 1209 521 1268 Jam
547 1211 574 1268 si
598 1210 768 1269 veresimile
789 1219 849 1283 est,
875 1214 955 1288 quod
980 1215 1165 1290 accepimus,
1191 1215 1278 1274 sedes
1303 1212 1375 1273 Gal-

372 1311 433 1369 liae
453 1311 619 1387 antiquitus
640 1331 658 1369 a
678 1309 774 1370 Celtis
795 1321 956 1388 occupatas
977 1317 1081 1388 fuisse,
1103 1317 1202 1375 celtici
1218 1334 1291 1375 sane
1311 1315 1376 1372 fon-

373 1414 414 1472 tis
439 1411 543 1490 opinio
567 1413 666 1488 primo
692 1413 837 1488 adspectu
860 1432 921 1471 non
945 1416 1072 1474 multum
1097 1438 1116 1476 a
1139 1437 1211 1478 vero
1236 1419 1376 1476 aberrare

372 1513 501 1572 videtur.
542 1511 610 1587 Qua
629 1514 695 1572 veri
716 1515 816 1590 specie
841 1516 928 1574 multi
948 1518 1007 1575 viri
1027 1517 1109 1576 docti
1133 1521 1178 1578 ita
1197 1519 1285 1578 abusi
1305 1519 1376 1588 sint,

372 1625 407 1674 ut
430 1615 567 1692 ingentia
587 1615 740 1692 glossaria
762 1616 899 1676 fictarum
919 1619 1093 1678 celticorum
1112 1620 1249 1679 radicum
1269 1619 1378 1676 conde-

371 1725 453 1789 rent,
483 1725 514 1774 et
537 1725 649 1774 temere
672 1715 789 1790 verbis,
817 1737 895 1796 quac
925 1739 963 1778 cx
992 1719 1088 1778 latina
1117 1721 1211 1795 stirpe
1240 1727 1377 1794 repetere

372 1818 539 1894 nequirent,
560 1817 698 1875 celticam
718 1799 933 1897 etymologiam
955 1829 1166 1897 supponerent.
1202 1818 1284 1894 Quin
1303 1837 1376 1876 vero

372 1920 497 1978 latinam
531 1919 666 1996 linguam
696 1919 821 1978 celticae
850 1923 939 1998 stirpi
977 1922 1064 1998 quasi
1097 1921 1280 1979 inoculatam
1309 1937 1376 1978 esse

373 2021 513 2079 arbitrati
538 2029 616 2079 sunt.
641 2053 679 2062 ·-
703 2021 822 2078 Merito·
839 2021 947 2080 celtica
976 2022 1050 2080 haec
1080 2023 1201 2081 insania
1224 2022 1376 2099 plerisque

373 2131 514 2199 suspecta
526 2122 662 2180 habetur.
696 2120 761 2180 Nec
776 2123 850 2196 scio,
872 2142 910 2180 aa
926 2124 1165 2202 franco-gallicis
1178 2124 1253 2183 viria
1268 2124 1376 2195 doctis,

372 2225 463 2282 etiam
487 2225 576 2298 hujus
601 2223 683 2295 aevi,
709 2223 819 2300 quippe
843 2226 895 2301 qui
920 2226 1109 2302 germanicas
1138 2225 1285 2286 dialectos
1315 2244 1376 2284 non

372 2327 511 2398 calleant,
532 2315 645 2384 crimen
665 2333 777 2395 temere
796 2327 934 2384 fictarum
952 2313 1089 2386 radicum
1104 2327 1279 2386 colticarum
1298 2328 1375 2384 irro-

373 2429 439 2504 gari
458 2427 564 2502 possit.
603 2425 655 2486 Sic
674 2425 796 2484 lexicon
809 2447 828 2484 a
841 2427 1052 2486 Bescherelleo
1074 2428 1253 2500 coniectum,
1273 2446 1376 2504 quam·

370 2530 418 2586 vis
432 2529 636 2604 praestantius
656 2529 765 2586 ceteris
779 2545 847 2586 esse
861 2528 996 2600 ducatur,
1015 2529 1132 2606 largam
1147 2537 1280 2606 segetem
1294 2529 1374 2586 arbi·

312 2639 313 2643 ’
370 2629 532 2687 trariarom
546 2629 719 2688 celticarum
734 2629 984 2706 etymologiarum
999 2630 1141 2686 continet.
1160 2661 1198 2670 —-
1217 2629 1262 2688 Le
1276 2629 1375 2686 Pelle·
1476 2669 1483 2688 .

372 2732 445 2802 tier,
472 2739 578 2790 auctor
603 2731 676 2789 libri
700 2731 840 2807 inscripti
867 2733 1088 2806 „Dictioaaairc
1111 2731 1151 2788 da
1177 2731 1228 2788 baa
1250 2729 1375 2802 bratoa“,

369 2831 524 2890 nonnullis
542 2833 744 2892 monumentis
765 2831 889 2890 celticae
908 2833 1032 2910 linguae
1052 2851 1091 2890 ex
1111 2831 1233 2892 saeculo
1251 2831 1321 2890 XV.
1342 2850 1375 2890 se

371 2951 540 3006 usumtcsse
554 2937 715 3012 gloriatur3
736 2935 789 2994 sed
809 2934 857 2993 his
878 2936 1079 2994 monumentis
1099 2935 1175 3011 ipsis
1188 2933 1262 2990 fides
1277 2932 1374 2989 detra-

371 3035 472 3094 henda
490 3045 550 3110 est,
572 3040 667 3114 ‘quum
692 3037 839 3094 dialectos
859 3037 1024 3108 armorica,
1051 3036 1130 3110 (sive
1155 3037 1227 3110 ,boa
1246 3030 1375 3106 bretoa“)

369 3157 411 3197 ex
423 3139 523 3199 mistis
537 3158 655 3218 graeca,
674 3137 779 3208 latina,
800 3137 982 3214 germanica,
1001 3135 1233 3213 franco-gallica
1246 3135 1375 3208 denique

370 3239 485 3317 linguis
506 3241 674 3317 composita
694 3257 761 3298 esse
782 3238 928 3298 videatur.

447 3343 498 3400 Ab
527 3343 586 3399 hoc
614 3343 683 3398 loco
713 3359 775 3397 non
804 3341 952 3398 absonum
975 3341 1079 3410 fuerit,
1110 3345 1143 3394 ut
1168 3356 1244 3413 quae
1268 3346 1375 3396 natura

371 3443 496 3502 celticae
520 3443 656 3520 linguae,
681 3459 758 3518 quae
783 3442 848 3514 ejus
871 3447 1064 3497 monumenta
1088 3439 1161 3511 siut,
1187 3457 1374 3516 quaeramus.

449 3543 538 3618 Quod
565 3545 604 3602 ad
630 3544 804 3601 universum
828 3541 909 3599 vitae
934 3540 1047 3598 cultum
1070 3538 1225 3599 Celtarum
1250 3548 1375 3618 spectat,

371 3645 539 3706 Grimmius
563 3642 667 3703 Celtas
698 3642 887 3719 elegantibus
916 3643 1052 3701 moribus
1081 3660 1155 3702 usos
1180 3661 1247 3702 esse
1276 3662 1332 3702 nec
1357 3662 1375 3700 a

369 3748 525 3806 literarum
550 3746 649 3826 gratia
672 3743 867 3802 abhorruisse
890 3751 993 3802 censet
1008 3743 1048 3819 ¹);
1077 3763 1173 3821 neque
1200 3743 1374 3803 commercii

370 3848 559 3920 societatem,
584 3867 680 3923 neque
705 3854 785 3906 artes
797 3846 848 3910 ad
867 3845 1015 3906 humanae
1038 3847 1119 3906 vitae
1139 3845 1287 3904 utilitates
1306 3861 1374 3920 per·

421 4077 442 4128 1)
454 4075 500 4118 lac.
513 4073 604 4127 (lnam,
617 4073 720 4120 deutsche
733 4073 871 4126 llythologie.
883 4076 900 4116 Ι.
913 4087 935 4127 p.
947 4073 1024 4118 XXVI.
