<?xml version="1.0" encoding="UTF-8"?>
<!DOCTYPE html PUBLIC "-//W3C//DTD XHTML 1.0 Transitional//EN"
    "http://www.w3.org/TR/xhtml1/DTD/xhtml1-transitional.dtd">
<html xmlns="http://www.w3.org/1999/xhtml" xml:lang="en" lang="en">
 <head>
  <title>
</title>
<meta http-equiv="Content-Type" content="text/html;charset=utf-8" />
  <meta name='ocr-system' content='tesseract 3.04.00' />
  <meta name='ocr-capabilities' content='ocr_page ocr_carea ocr_par ocr_line ocrx_word'/>
</head>
<body>
  <div class='ocr_page' id='page_1' title='image "./deelementisgerm00schagoog_0048.png"; bbox 0 0 3114 5194; ppageno 0'>
   <div class='ocr_carea' id='block_1_1' title="bbox 603 553 869 622">
    <p class='ocr_par' dir='ltr' id='par_1_1' title="bbox 603 553 869 622">
     <span class='ocr_line' id='line_1_1' title="bbox 603 553 869 622; baseline 0.008 -20"><span class='ocrx_word' id='word_1_1' title='bbox 603 553 869 622; x_wconf 47' lang='lat' dir='ltr'>”wa-p·-</span> 
     </span>
    </p>
   </div>
   <div class='ocr_carea' id='block_1_2' title="bbox 225 725 1239 1516">
    <p class='ocr_par' dir='ltr' id='par_1_2' title="bbox 225 725 1239 900">
     <span class='ocr_line' id='line_1_2' title="bbox 279 725 1239 803; baseline 0 -17"><span class='ocrx_word' id='word_1_2' title='bbox 279 747 309 803; x_wconf 83' lang='lat' dir='ltr'>p.</span> <span class='ocrx_word' id='word_1_3' title='bbox 329 726 397 786; x_wconf 74' lang='lat'><em>165.</em></span> <span class='ocrx_word' id='word_1_4' title='bbox 439 726 473 786; x_wconf 75' lang='lat' dir='ltr'>st</span> <span class='ocrx_word' id='word_1_5' title='bbox 495 725 580 784; x_wconf 77' lang='lat' dir='ltr'>cinca</span> <span class='ocrx_word' id='word_1_6' title='bbox 597 726 691 798; x_wconf 76' lang='lat' dir='ltr'>jand</span> <span class='ocrx_word' id='word_1_7' title='bbox 714 728 753 786; x_wconf 80' lang='lat' dir='ltr'>les</span> <span class='ocrx_word' id='word_1_8' title='bbox 776 727 882 786; x_wconf 78' lang='lat' dir='ltr'>clatet:</span> <span class='ocrx_word' id='word_1_9' title='bbox 899 728 967 801; x_wconf 83' lang='lat' dir='ltr'>sors</span> <span class='ocrx_word' id='word_1_10' title='bbox 994 727 1029 784; x_wconf 85' lang='lat' dir='ltr'>de</span> <span class='ocrx_word' id='word_1_11' title='bbox 1053 727 1083 784; x_wconf 83' lang='lat' dir='ltr'>lc</span> <span class='ocrx_word' id='word_1_12' title='bbox 1102 729 1155 802; x_wconf 59' lang='lat' dir='ltr'>nef</span> <span class='ocrx_word' id='word_1_13' title='bbox 1174 747 1239 788; x_wconf 77' lang='lat' dir='ltr'>saca</span> 
     </span>
     <span class='ocr_line' id='line_1_3' title="bbox 225 829 615 900; baseline -0.003 -12"><span class='ocrx_word' id='word_1_14' title='bbox 225 861 228 866; x_wconf 26' lang='grc' dir='ltr'><strong>Δ</strong></span> <span class='ocrx_word' id='word_1_15' title='bbox 329 831 426 900; x_wconf 62' lang='lat' dir='ltr'>meuc,</span> <span class='ocrx_word' id='word_1_16' title='bbox 445 829 493 888; x_wconf 82' lang='lat' dir='ltr'>a’il</span> <span class='ocrx_word' id='word_1_17' title='bbox 510 829 615 887; x_wconf 78' lang='lat' dir='ltr'>render.</span> 
     </span>
    </p>

    <p class='ocr_par' dir='ltr' id='par_1_3' title="bbox 230 929 1238 1416">
     <span class='ocr_line' id='line_1_4' title="bbox 310 929 1238 1008; baseline 0 -18"><span class='ocrx_word' id='word_1_18' title='bbox 310 929 370 990; x_wconf 84' lang='lat' dir='ltr'>Sed</span> <span class='ocrx_word' id='word_1_19' title='bbox 383 939 432 990; x_wconf 89' lang='lat' dir='ltr'>sat</span> <span class='ocrx_word' id='word_1_20' title='bbox 443 931 662 1007; x_wconf 84' lang='lat' dir='ltr'>exemplorum:</span> <span class='ocrx_word' id='word_1_21' title='bbox 675 930 703 990; x_wconf 89' lang='lat' dir='ltr'>si</span> <span class='ocrx_word' id='word_1_22' title='bbox 717 930 785 1006; x_wconf 88' lang='lat' dir='ltr'>quis</span> <span class='ocrx_word' id='word_1_23' title='bbox 798 947 862 992; x_wconf 82' lang='lat' dir='ltr'>rem</span> <span class='ocrx_word' id='word_1_24' title='bbox 875 929 1044 990; x_wconf 76' lang='lat' dir='ltr'><strong>accuratius</strong></span> <span class='ocrx_word' id='word_1_25' title='bbox 1054 948 1238 1008; x_wconf 78' lang='lat' dir='ltr'>cognoscere</span> 
     </span>
     <span class='ocr_line' id='line_1_5' title="bbox 232 1030 1237 1112; baseline 0 -20"><span class='ocrx_word' id='word_1_26' title='bbox 232 1034 371 1106; x_wconf 84' lang='lat' dir='ltr'>voluerit,</span> <span class='ocrx_word' id='word_1_27' title='bbox 392 1035 419 1093; x_wconf 91' lang='lat' dir='ltr'>is</span> <span class='ocrx_word' id='word_1_28' title='bbox 438 1033 626 1112; x_wconf 83' lang='lat' dir='ltr'>legesipsae</span> <span class='ocrx_word' id='word_1_29' title='bbox 645 1031 774 1092; x_wconf 83' lang='lat' dir='ltr'>evolvat</span> <span class='ocrx_word' id='word_1_30' title='bbox 786 1089 789 1094; x_wconf 86' lang='grc'>,</span> <span class='ocrx_word' id='word_1_31' title='bbox 802 1030 887 1090; x_wconf 86' lang='lat' dir='ltr'>Haeo</span> <span class='ocrx_word' id='word_1_32' title='bbox 906 1031 1001 1108; x_wconf 84' lang='lat' dir='ltr'>igitur</span> <span class='ocrx_word' id='word_1_33' title='bbox 1021 1041 1091 1092; x_wconf 88' lang='lat' dir='ltr'>sunt</span> <span class='ocrx_word' id='word_1_34' title='bbox 1108 1034 1237 1110; x_wconf 86' lang='lat' dir='ltr'>primor-</span> 
     </span>
     <span class='ocr_line' id='line_1_6' title="bbox 232 1132 1237 1214; baseline -0.001 -18"><span class='ocrx_word' id='word_1_35' title='bbox 232 1136 284 1198; x_wconf 86' lang='lat' dir='ltr'>dia</span> <span class='ocrx_word' id='word_1_36' title='bbox 308 1136 432 1214; x_wconf 78' lang='lat' dir='ltr'>linguae</span> <span class='ocrx_word' id='word_1_37' title='bbox 459 1133 731 1212; x_wconf 78' lang='lat' dir='ltr'>franco-gallicae,</span> <span class='ocrx_word' id='word_1_38' title='bbox 759 1132 810 1192; x_wconf 89' lang='lat' dir='ltr'>hic</span> <span class='ocrx_word' id='word_1_39' title='bbox 838 1141 886 1192; x_wconf 87' lang='lat' dir='ltr'>est</span> <span class='ocrx_word' id='word_1_40' title='bbox 912 1151 1027 1204; x_wconf 88' lang='lat' dir='ltr'>sermo,</span> <span class='ocrx_word' id='word_1_41' title='bbox 1057 1152 1117 1210; x_wconf 90' lang='lat' dir='ltr'>quo</span> <span class='ocrx_word' id='word_1_42' title='bbox 1142 1136 1237 1214; x_wconf 82' lang='lat' dir='ltr'>Angli</span> 
     </span>
     <span class='ocr_line' id='line_1_7' title="bbox 231 1232 1235 1314; baseline -0.002 -16"><span class='ocrx_word' id='word_1_43' title='bbox 231 1237 323 1298; x_wconf 77' lang='lat' dir='ltr'>aulici</span> <span class='ocrx_word' id='word_1_44' title='bbox 342 1238 513 1308; x_wconf 85' lang='lat' dir='ltr'>utebantur,</span> <span class='ocrx_word' id='word_1_45' title='bbox 534 1237 586 1314; x_wconf 88' lang='lat' dir='ltr'>qui</span> <span class='ocrx_word' id='word_1_46' title='bbox 605 1235 720 1296; x_wconf 86' lang='lat' dir='ltr'>scholis</span> <span class='ocrx_word' id='word_1_47' title='bbox 739 1235 922 1294; x_wconf 82' lang='lat' dir='ltr'>tradebatur.</span> <span class='ocrx_word' id='word_1_48' title='bbox 951 1232 1050 1294; x_wconf 89' lang='lat' dir='ltr'>Nemo</span> <span class='ocrx_word' id='word_1_49' title='bbox 1070 1235 1159 1311; x_wconf 87' lang='lat' dir='ltr'>hujus</span> <span class='ocrx_word' id='word_1_50' title='bbox 1178 1237 1235 1296; x_wconf 90' lang='lat' dir='ltr'>lin·</span> 
     </span>
     <span class='ocr_line' id='line_1_8' title="bbox 230 1337 991 1416; baseline 0 -20"><span class='ocrx_word' id='word_1_51' title='bbox 230 1355 308 1416; x_wconf 83' lang='lat' dir='ltr'>guae</span> <span class='ocrx_word' id='word_1_52' title='bbox 328 1338 453 1416; x_wconf 81' lang='lat' dir='ltr'>ignarus</span> <span class='ocrx_word' id='word_1_53' title='bbox 472 1337 595 1414; x_wconf 90' lang='lat' dir='ltr'>publico</span> <span class='ocrx_word' id='word_1_54' title='bbox 615 1355 740 1400; x_wconf 85' lang='lat' dir='ltr'>munere</span> <span class='ocrx_word' id='word_1_55' title='bbox 758 1337 844 1416; x_wconf 80' lang='lat' dir='ltr'>fungi</span> <span class='ocrx_word' id='word_1_56' title='bbox 863 1344 991 1413; x_wconf 85' lang='lat' dir='ltr'>poterat.</span> 
     </span>
    </p>

    <p class='ocr_par' dir='ltr' id='par_1_4' title="bbox 308 1437 1236 1516">
     <span class='ocr_line' id='line_1_9' title="bbox 308 1437 1236 1516; baseline -0.002 -16"><span class='ocrx_word' id='word_1_57' title='bbox 308 1439 398 1513; x_wconf 81' lang='lat' dir='ltr'>Quod</span> <span class='ocrx_word' id='word_1_58' title='bbox 423 1439 462 1498; x_wconf 89' lang='lat' dir='ltr'>ad</span> <span class='ocrx_word' id='word_1_59' title='bbox 487 1439 579 1498; x_wconf 88' lang='lat' dir='ltr'>verba</span> <span class='ocrx_word' id='word_1_60' title='bbox 601 1440 669 1516; x_wconf 83' lang='lat' dir='ltr'>ipsa</span> <span class='ocrx_word' id='word_1_61' title='bbox 692 1439 814 1510; x_wconf 80' lang='lat' dir='ltr'>attinet,</span> <span class='ocrx_word' id='word_1_62' title='bbox 843 1437 986 1516; x_wconf 81' lang='lat' dir='ltr'>graviora</span> <span class='ocrx_word' id='word_1_63' title='bbox 1007 1457 1045 1498; x_wconf 80' lang='lat' dir='ltr'>ex</span> <span class='ocrx_word' id='word_1_64' title='bbox 1062 1441 1236 1516; x_wconf 80' lang='lat' dir='ltr'>germanica</span> 
     </span>
    </p>
   </div>
   <div class='ocr_carea' id='block_1_3' title="bbox 127 1540 1235 1617">
    <p class='ocr_par' dir='ltr' id='par_1_5' title="bbox 127 1540 1235 1617">
     <span class='ocr_line' id='line_1_10' title="bbox 127 1540 1235 1617; baseline 0 -17"><span class='ocrx_word' id='word_1_65' title='bbox 127 1554 129 1557; x_wconf 82' lang='grc'><strong><em>·</em></strong></span> <span class='ocrx_word' id='word_1_66' title='bbox 230 1541 333 1600; x_wconf 90' lang='lat' dir='ltr'>radioe</span> <span class='ocrx_word' id='word_1_67' title='bbox 352 1541 514 1612; x_wconf 79' lang='lat' dir='ltr'>fluxerunt,</span> <span class='ocrx_word' id='word_1_68' title='bbox 537 1547 570 1600; x_wconf 90' lang='lat' dir='ltr'>ut</span> <span class='ocrx_word' id='word_1_69' title='bbox 593 1542 749 1616; x_wconf 68' lang='lat' dir='ltr'>,lemscra</span> <span class='ocrx_word' id='word_1_70' title='bbox 773 1559 867 1616; x_wconf 72' lang='lat' dir='ltr'>wopa,</span> <span class='ocrx_word' id='word_1_71' title='bbox 886 1540 980 1615; x_wconf 67' lang='lat' dir='ltr'>playa,</span> <span class='ocrx_word' id='word_1_72' title='bbox 999 1559 1086 1611; x_wconf 84' lang='lat' dir='ltr'>were,</span> <span class='ocrx_word' id='word_1_73' title='bbox 1105 1542 1235 1617; x_wconf 77' lang='lat' dir='ltr'>Burpiet,</span> 
     </span>
    </p>
   </div>
   <div class='ocr_carea' id='block_1_4' title="bbox 135 1642 1285 4162">
    <p class='ocr_par' dir='ltr' id='par_1_6' title="bbox 229 1642 1234 1820">
     <span class='ocr_line' id='line_1_11' title="bbox 230 1642 1234 1718; baseline 0 -16"><span class='ocrx_word' id='word_1_74' title='bbox 230 1644 354 1714; x_wconf 67' lang='lat' dir='ltr'>cauea,</span> <span class='ocrx_word' id='word_1_75' title='bbox 387 1643 514 1712; x_wconf 76' lang='grc'>1111111,</span> <span class='ocrx_word' id='word_1_76' title='bbox 548 1643 677 1714; x_wconf 77' lang='lat' dir='ltr'>lacaena,</span> <span class='ocrx_word' id='word_1_77' title='bbox 706 1643 848 1718; x_wconf 75' lang='lat' dir='ltr'>potasset,</span> <span class='ocrx_word' id='word_1_78' title='bbox 879 1651 1019 1717; x_wconf 73' lang='lat' dir='ltr'>quarunt,</span> <span class='ocrx_word' id='word_1_79' title='bbox 1049 1642 1234 1716; x_wconf 81' lang='lat' dir='ltr'>Henueldorb,</span> 
     </span>
     <span class='ocr_line' id='line_1_12' title="bbox 229 1743 976 1820; baseline -0.003 -16"><span class='ocrx_word' id='word_1_80' title='bbox 229 1747 353 1816; x_wconf 81' lang='lat' dir='ltr'>murdre,</span> <span class='ocrx_word' id='word_1_81' title='bbox 377 1745 516 1815; x_wconf 73' lang='lat' dir='ltr'>hundred,</span> <span class='ocrx_word' id='word_1_82' title='bbox 539 1763 629 1814; x_wconf 77' lang='lat' dir='ltr'>caure,</span> <span class='ocrx_word' id='word_1_83' title='bbox 642 1744 842 1820; x_wconf 71' lang='lat' dir='ltr'>franc-pleps,</span> <span class='ocrx_word' id='word_1_84' title='bbox 861 1743 976 1802; x_wconf 61' lang='lat' dir='ltr'>bama!</span> 
     </span>
    </p>

    <p class='ocr_par' dir='ltr' id='par_1_7' title="bbox 220 1844 1234 2936">
     <span class='ocr_line' id='line_1_13' title="bbox 304 1844 1233 1924; baseline -0.002 -16"><span class='ocrx_word' id='word_1_85' title='bbox 304 1850 405 1924; x_wconf 82' lang='lat' dir='ltr'>Atque</span> <span class='ocrx_word' id='word_1_86' title='bbox 424 1865 485 1904; x_wconf 88' lang='lat' dir='ltr'>non</span> <span class='ocrx_word' id='word_1_87' title='bbox 504 1845 595 1904; x_wconf 91' lang='lat' dir='ltr'>modo</span> <span class='ocrx_word' id='word_1_88' title='bbox 615 1845 648 1904; x_wconf 92' lang='lat' dir='ltr'>in</span> <span class='ocrx_word' id='word_1_89' title='bbox 667 1845 770 1906; x_wconf 84' lang='lat' dir='ltr'>verbis</span> <span class='ocrx_word' id='word_1_90' title='bbox 789 1844 875 1920; x_wconf 89' lang='lat' dir='ltr'>ipsis,</span> <span class='ocrx_word' id='word_1_91' title='bbox 896 1845 949 1904; x_wconf 88' lang='lat' dir='ltr'>sed</span> <span class='ocrx_word' id='word_1_92' title='bbox 969 1845 1060 1906; x_wconf 87' lang='lat' dir='ltr'>etiam</span> <span class='ocrx_word' id='word_1_93' title='bbox 1079 1847 1111 1904; x_wconf 88' lang='lat' dir='ltr'>in</span> <span class='ocrx_word' id='word_1_94' title='bbox 1124 1847 1233 1906; x_wconf 85' lang='lat' dir='ltr'>forma·</span> 
     </span>
     <span class='ocr_line' id='line_1_14' title="bbox 228 1945 1234 2023; baseline -0.005 -13"><span class='ocrx_word' id='word_1_95' title='bbox 228 1950 311 2010; x_wconf 90' lang='lat' dir='ltr'>tione</span> <span class='ocrx_word' id='word_1_96' title='bbox 330 1948 491 2007; x_wconf 88' lang='lat' dir='ltr'>verborum</span> <span class='ocrx_word' id='word_1_97' title='bbox 511 1955 541 2004; x_wconf 91' lang='lat' dir='ltr'>et</span> <span class='ocrx_word' id='word_1_98' title='bbox 559 1947 783 2008; x_wconf 87' lang='lat' dir='ltr'>constructione</span> <span class='ocrx_word' id='word_1_99' title='bbox 800 1945 975 2023; x_wconf 84' lang='lat' dir='ltr'>germanica</span> <span class='ocrx_word' id='word_1_100' title='bbox 989 1955 1099 2006; x_wconf 87' lang='lat' dir='ltr'>natura</span> <span class='ocrx_word' id='word_1_101' title='bbox 1113 1948 1234 2008; x_wconf 87' lang='lat' dir='ltr'>emicat:</span> 
     </span>
     <span class='ocr_line' id='line_1_15' title="bbox 227 2048 1233 2126; baseline 0 -18"><span class='ocrx_word' id='word_1_102' title='bbox 227 2051 450 2126; x_wconf 76' lang='lat' dir='ltr'>,sanae-bomo,</span> <span class='ocrx_word' id='word_1_103' title='bbox 472 2049 699 2125; x_wconf 71' lang='lat' dir='ltr'>froco-plepe“;</span> <span class='ocrx_word' id='word_1_104' title='bbox 732 2049 850 2122; x_wconf 83' lang='lat' dir='ltr'>,aoeir“</span> <span class='ocrx_word' id='word_1_105' title='bbox 877 2055 1058 2124; x_wconf 86' lang='lat' dir='ltr'>potestatem</span> <span class='ocrx_word' id='word_1_106' title='bbox 1087 2048 1233 2113; x_wconf 81' lang='lat' dir='ltr'>teutonici</span> 
     </span>
     <span class='ocr_line' id='line_1_16' title="bbox 227 2149 1234 2228; baseline -0.004 -14"><span class='ocrx_word' id='word_1_107' title='bbox 227 2149 361 2228; x_wconf 64' lang='lat' dir='ltr'>„nutet</span> <span class='ocrx_word' id='word_1_108' title='bbox 383 2149 560 2226; x_wconf 84' lang='lat' dir='ltr'>planissime</span> <span class='ocrx_word' id='word_1_109' title='bbox 586 2149 692 2221; x_wconf 74' lang='lat' dir='ltr'>refert:</span> <span class='ocrx_word' id='word_1_110' title='bbox 730 2159 820 2228; x_wconf 88' lang='lat' dir='ltr'>atque</span> <span class='ocrx_word' id='word_1_111' title='bbox 850 2150 887 2208; x_wconf 87' lang='lat' dir='ltr'>de</span> <span class='ocrx_word' id='word_1_112' title='bbox 920 2150 1034 2227; x_wconf 86' lang='lat' dir='ltr'>pecude</span> <span class='ocrx_word' id='word_1_113' title='bbox 1057 2160 1234 2227; x_wconf 87' lang='lat' dir='ltr'>usurpatum</span> 
     </span>
     <span class='ocr_line' id='line_1_17' title="bbox 226 2252 1232 2342; baseline -0.002 -28"><span class='ocrx_word' id='word_1_114' title='bbox 226 2254 388 2332; x_wconf 84' lang='lat' dir='ltr'>reperitur:</span> <span class='ocrx_word' id='word_1_115' title='bbox 408 2253 449 2325; x_wconf 84' lang='lat' dir='ltr'>,le</span> <span class='ocrx_word' id='word_1_116' title='bbox 469 2252 593 2310; x_wconf 77' lang='grc'>1111111111</span> <span class='ocrx_word' id='word_1_117' title='bbox 612 2255 692 2310; x_wconf 81' lang='lat' dir='ltr'>costr</span> <span class='ocrx_word' id='word_1_118' title='bbox 711 2253 783 2328; x_wconf 81' lang='lat' dir='ltr'>qn&#39;il</span> <span class='ocrx_word' id='word_1_119' title='bbox 801 2271 889 2312; x_wconf 79' lang='grc'>11111</span> <span class='ocrx_word' id='word_1_120' title='bbox 907 2271 928 2310; x_wconf 86' lang='lat' dir='ltr'>u</span> <span class='ocrx_word' id='word_1_121' title='bbox 948 2253 1041 2312; x_wconf 83' lang='lat' dir='ltr'>cdiucl</span> <span class='ocrx_word' id='word_1_122' title='bbox 1060 2253 1128 2342; x_wconf 62' lang='lat' dir='ltr'>ctcf}</span> <span class='ocrx_word' id='word_1_123' title='bbox 1152 2253 1232 2312; x_wconf 89' lang='lat' dir='ltr'>Ten·</span> 
     </span>
     <span class='ocr_line' id='line_1_18' title="bbox 226 2354 1232 2432; baseline -0.001 -17"><span class='ocrx_word' id='word_1_124' title='bbox 226 2357 329 2416; x_wconf 90' lang='lat' dir='ltr'>tonica</span> <span class='ocrx_word' id='word_1_125' title='bbox 346 2354 496 2432; x_wconf 90' lang='lat' dir='ltr'>particula</span> <span class='ocrx_word' id='word_1_126' title='bbox 515 2355 578 2426; x_wconf 79' lang='lat' dir='ltr'>,no“</span> <span class='ocrx_word' id='word_1_127' title='bbox 597 2379 631 2404; x_wconf 67' lang='grc' dir='ltr'><em>ε</em></span> <span class='ocrx_word' id='word_1_128' title='bbox 650 2354 709 2426; x_wconf 58' lang='lat' dir='ltr'>,sd</span> <span class='ocrx_word' id='word_1_129' title='bbox 727 2354 880 2430; x_wconf 88' lang='lat' dir='ltr'>posterius</span> <span class='ocrx_word' id='word_1_130' title='bbox 900 2354 1122 2414; x_wconf 88' lang='lat' dir='ltr'>enunciationis</span> <span class='ocrx_word' id='word_1_131' title='bbox 1141 2374 1232 2414; x_wconf 89' lang='lat' dir='ltr'>mem-</span> 
     </span>
     <span class='ocr_line' id='line_1_19' title="bbox 227 2455 1232 2536; baseline -0.002 -20"><span class='ocrx_word' id='word_1_132' title='bbox 227 2459 313 2516; x_wconf 87' lang='lat' dir='ltr'>brum</span> <span class='ocrx_word' id='word_1_133' title='bbox 332 2457 429 2536; x_wconf 90' lang='lat' dir='ltr'>priori</span> <span class='ocrx_word' id='word_1_134' title='bbox 449 2456 625 2528; x_wconf 83' lang='lat' dir='ltr'>adnectens,</span> <span class='ocrx_word' id='word_1_135' title='bbox 652 2455 777 2532; x_wconf 91' lang='lat' dir='ltr'>ubique,</span> <span class='ocrx_word' id='word_1_136' title='bbox 798 2455 892 2514; x_wconf 89' lang='lat' dir='ltr'>etiam</span> <span class='ocrx_word' id='word_1_137' title='bbox 916 2456 943 2514; x_wconf 89' lang='lat' dir='ltr'>si</span> <span class='ocrx_word' id='word_1_138' title='bbox 962 2455 1111 2532; x_wconf 89' lang='lat' dir='ltr'>particula</span> <span class='ocrx_word' id='word_1_139' title='bbox 1130 2457 1232 2514; x_wconf 91' lang='lat' dir='ltr'>condi-</span> 
     </span>
     <span class='ocr_line' id='line_1_20' title="bbox 226 2557 1233 2636; baseline -0.004 -16"><span class='ocrx_word' id='word_1_140' title='bbox 226 2561 350 2620; x_wconf 86' lang='lat' dir='ltr'>tionalis</span> <span class='ocrx_word' id='word_1_141' title='bbox 364 2560 423 2632; x_wconf 82' lang='lat' dir='ltr'>,si“</span> <span class='ocrx_word' id='word_1_142' title='bbox 436 2559 599 2636; x_wconf 84' lang='lat' dir='ltr'>praecedit,</span> <span class='ocrx_word' id='word_1_143' title='bbox 613 2557 786 2616; x_wconf 86' lang='lat' dir='ltr'>adhibetur:</span> <span class='ocrx_word' id='word_1_144' title='bbox 804 2557 852 2630; x_wconf 81' lang='lat' dir='ltr'>,lca&#39;</span> <span class='ocrx_word' id='word_1_145' title='bbox 865 2557 933 2614; x_wconf 82' lang='lat' dir='ltr'>altri</span> <span class='ocrx_word' id='word_1_146' title='bbox 946 2576 1058 2632; x_wconf 74' lang='lat' dir='ltr'>asperam</span> <span class='ocrx_word' id='word_1_147' title='bbox 1066 2562 1190 2634; x_wconf 72' lang='lat' dir='ltr'>puryiet,</span> <span class='ocrx_word' id='word_1_148' title='bbox 1203 2563 1233 2616; x_wconf 82' lang='grc'>11</span> 
     </span>
     <span class='ocr_line' id='line_1_21' title="bbox 220 2659 1232 2740; baseline -0.001 -19"><span class='ocrx_word' id='word_1_149' title='bbox 220 2666 329 2740; x_wconf 78' lang='lat' dir='ltr'>forfait</span> <span class='ocrx_word' id='word_1_150' title='bbox 342 2663 371 2720; x_wconf 85' lang='lat' dir='ltr'>ic</span> <span class='ocrx_word' id='word_1_151' title='bbox 384 2661 490 2728; x_wconf 81' lang='lat' dir='ltr'>werc“,·</span> <span class='ocrx_word' id='word_1_152' title='bbox 509 2663 576 2735; x_wconf 81' lang='lat' dir='ltr'>„qut</span> <span class='ocrx_word' id='word_1_153' title='bbox 593 2659 615 2716; x_wconf 85' lang='lat' dir='ltr'>il</span> <span class='ocrx_word' id='word_1_154' title='bbox 632 2659 673 2718; x_wconf 88' lang='lat' dir='ltr'>l’a</span> <span class='ocrx_word' id='word_1_155' title='bbox 681 2661 753 2734; x_wconf 82' lang='lat' dir='ltr'>fnit,</span> <span class='ocrx_word' id='word_1_156' title='bbox 766 2661 819 2717; x_wconf 82' lang='lat' dir='ltr'>sin</span> <span class='ocrx_word' id='word_1_157' title='bbox 831 2661 969 2718; x_wconf 85' lang='lat' dir='ltr'>rendrunt</span> <span class='ocrx_word' id='word_1_158' title='bbox 981 2660 1005 2717; x_wconf 84' lang='lat' dir='ltr'>lc</span> <span class='ocrx_word' id='word_1_159' title='bbox 1018 2661 1133 2718; x_wconf 83' lang='lat' dir='ltr'>murdre</span> <span class='ocrx_word' id='word_1_160' title='bbox 1147 2663 1232 2729; x_wconf 86' lang='lat' dir='ltr'>etc.“,·</span> 
     </span>
     <span class='ocr_line' id='line_1_22' title="bbox 226 2761 1231 2840; baseline -0.002 -18"><span class='ocrx_word' id='word_1_161' title='bbox 226 2767 313 2822; x_wconf 85' lang='lat' dir='ltr'>dunc</span> <span class='ocrx_word' id='word_1_162' title='bbox 338 2761 529 2840; x_wconf 85' lang='lat' dir='ltr'>germanicae</span> <span class='ocrx_word' id='word_1_163' title='bbox 553 2761 721 2836; x_wconf 89' lang='lat' dir='ltr'>particulae</span> <span class='ocrx_word' id='word_1_164' title='bbox 745 2763 858 2834; x_wconf 56' lang='grc' dir='ltr'>»111111ί</span> <span class='ocrx_word' id='word_1_165' title='bbox 878 2761 1052 2838; x_wconf 85' lang='lat' dir='ltr'>respondet:</span> <span class='ocrx_word' id='word_1_166' title='bbox 1078 2781 1109 2834; x_wconf 81' lang='lat' dir='ltr'>„c</span> <span class='ocrx_word' id='word_1_167' title='bbox 1132 2763 1180 2820; x_wconf 84' lang='lat' dir='ltr'>a’il</span> <span class='ocrx_word' id='word_1_168' title='bbox 1197 2781 1231 2820; x_wconf 86' lang='lat' dir='ltr'>nc</span> 
     </span>
     <span class='ocr_line' id='line_1_23' title="bbox 226 2863 869 2936; baseline -0.003 -14"><span class='ocrx_word' id='word_1_169' title='bbox 226 2865 297 2936; x_wconf 86' lang='lat' dir='ltr'>l&#39;ud,</span> <span class='ocrx_word' id='word_1_170' title='bbox 318 2866 406 2922; x_wconf 83' lang='lat' dir='ltr'>dunc</span> <span class='ocrx_word' id='word_1_171' title='bbox 425 2864 564 2918; x_wconf 82' lang='lat' dir='ltr'>comerud</span> <span class='ocrx_word' id='word_1_172' title='bbox 582 2880 651 2919; x_wconf 82' lang='lat' dir='ltr'>ecca</span> <span class='ocrx_word' id='word_1_173' title='bbox 670 2863 869 2921; x_wconf 62' lang='lat' dir='ltr'>Henuelborffl.</span> 
     </span>
    </p>

    <p class='ocr_par' dir='ltr' id='par_1_8' title="bbox 226 2963 1232 3144">
     <span class='ocr_line' id='line_1_24' title="bbox 301 2963 1232 3041; baseline 0 -17"><span class='ocrx_word' id='word_1_174' title='bbox 301 2963 462 3024; x_wconf 90' lang='lat' dir='ltr'>Vocalium</span> <span class='ocrx_word' id='word_1_175' title='bbox 490 2963 689 3024; x_wconf 87' lang='lat' dir='ltr'>conformatio</span> <span class='ocrx_word' id='word_1_176' title='bbox 718 2971 780 3026; x_wconf 87' lang='lat' dir='ltr'>tam</span> <span class='ocrx_word' id='word_1_177' title='bbox 809 2971 912 3041; x_wconf 90' lang='lat' dir='ltr'>aperte</span> <span class='ocrx_word' id='word_1_178' title='bbox 944 2966 1097 3025; x_wconf 85' lang='lat' dir='ltr'>teutonico</span> <span class='ocrx_word' id='word_1_179' title='bbox 1127 2965 1232 3024; x_wconf 90' lang='lat' dir='ltr'>funda-</span> 
     </span>
     <span class='ocr_line' id='line_1_25' title="bbox 226 3066 1122 3144; baseline 0.001 -20"><span class='ocrx_word' id='word_1_180' title='bbox 226 3075 327 3125; x_wconf 89' lang='lat' dir='ltr'>mento</span> <span class='ocrx_word' id='word_1_181' title='bbox 348 3067 472 3139; x_wconf 84' lang='lat' dir='ltr'>insistit,</span> <span class='ocrx_word' id='word_1_182' title='bbox 493 3075 606 3125; x_wconf 88' lang='lat' dir='ltr'>utnon</span> <span class='ocrx_word' id='word_1_183' title='bbox 626 3066 676 3138; x_wconf 88' lang='lat' dir='ltr'>sit,</span> <span class='ocrx_word' id='word_1_184' title='bbox 697 3085 750 3125; x_wconf 89' lang='lat' dir='ltr'>cur</span> <span class='ocrx_word' id='word_1_185' title='bbox 768 3066 890 3144; x_wconf 87' lang='lat' dir='ltr'>longius</span> <span class='ocrx_word' id='word_1_186' title='bbox 910 3067 1122 3126; x_wconf 86' lang='lat' dir='ltr'>demonstrem.</span> 
     </span>
    </p>

    <p class='ocr_par' dir='ltr' id='par_1_9' title="bbox 135 3168 1285 3856">
     <span class='ocr_line' id='line_1_26' title="bbox 302 3168 1232 3246; baseline 0 -20"><span class='ocrx_word' id='word_1_187' title='bbox 302 3169 339 3226; x_wconf 91' lang='lat' dir='ltr'>ln</span> <span class='ocrx_word' id='word_1_188' title='bbox 358 3169 532 3228; x_wconf 87' lang='lat' dir='ltr'>universum</span> <span class='ocrx_word' id='word_1_189' title='bbox 552 3168 786 3227; x_wconf 86' lang='lat' dir='ltr'>constructionis</span> <span class='ocrx_word' id='word_1_190' title='bbox 809 3169 893 3246; x_wconf 84' lang='lat' dir='ltr'>leges</span> <span class='ocrx_word' id='word_1_191' title='bbox 918 3169 957 3226; x_wconf 92' lang='lat' dir='ltr'>ad</span> <span class='ocrx_word' id='word_1_192' title='bbox 979 3169 1143 3244; x_wconf 88' lang='lat' dir='ltr'>perfectam</span> <span class='ocrx_word' id='word_1_193' title='bbox 1162 3188 1232 3226; x_wconf 90' lang='lat' dir='ltr'>nor-</span> 
     </span>
     <span class='ocr_line' id='line_1_27' title="bbox 224 3269 1230 3346; baseline 0 -17"><span class='ocrx_word' id='word_1_194' title='bbox 224 3290 304 3330; x_wconf 89' lang='lat' dir='ltr'>mam</span> <span class='ocrx_word' id='word_1_195' title='bbox 320 3273 384 3346; x_wconf 87' lang='lat' dir='ltr'>jam</span> <span class='ocrx_word' id='word_1_196' title='bbox 404 3269 542 3328; x_wconf 84' lang='lat' dir='ltr'>excultae</span> <span class='ocrx_word' id='word_1_197' title='bbox 561 3270 656 3328; x_wconf 85' lang='lat' dir='ltr'>fuisse</span> <span class='ocrx_word' id='word_1_198' title='bbox 675 3269 880 3328; x_wconf 84' lang='lat' dir='ltr'>aestimandae</span> <span class='ocrx_word' id='word_1_199' title='bbox 904 3277 987 3340; x_wconf 74' lang='lat' dir='ltr'>sunt:</span> <span class='ocrx_word' id='word_1_200' title='bbox 1011 3269 1115 3328; x_wconf 88' lang='lat' dir='ltr'>videas</span> <span class='ocrx_word' id='word_1_201' title='bbox 1140 3271 1230 3330; x_wconf 80' lang='lat' dir='ltr'>mo&#39;do</span> 
     </span>
     <span class='ocr_line' id='line_1_28' title="bbox 223 3369 1231 3448; baseline 0 -16"><span class='ocrx_word' id='word_1_202' title='bbox 223 3374 301 3432; x_wconf 89' lang='lat' dir='ltr'>banc</span> <span class='ocrx_word' id='word_1_203' title='bbox 330 3369 588 3442; x_wconf 83' lang='lat' dir='ltr'>enunciationem,</span> <span class='ocrx_word' id='word_1_204' title='bbox 621 3389 698 3448; x_wconf 86' lang='lat' dir='ltr'>quae</span> <span class='ocrx_word' id='word_1_205' title='bbox 726 3390 764 3429; x_wconf 92' lang='lat' dir='ltr'>ne</span> <span class='ocrx_word' id='word_1_206' title='bbox 792 3390 872 3430; x_wconf 92' lang='lat' dir='ltr'>nunc</span> <span class='ocrx_word' id='word_1_207' title='bbox 900 3371 1021 3448; x_wconf 92' lang='lat' dir='ltr'>quidem</span> <span class='ocrx_word' id='word_1_208' title='bbox 1053 3372 1231 3432; x_wconf 86' lang='lat' dir='ltr'>melioribus</span> 
     </span>
     <span class='ocr_line' id='line_1_29' title="bbox 223 3461 1228 3552; baseline 0.001 -20"><span class='ocrx_word' id='word_1_209' title='bbox 223 3475 357 3533; x_wconf 89' lang='lat' dir='ltr'>numeris</span> <span class='ocrx_word' id='word_1_210' title='bbox 376 3473 502 3532; x_wconf 87' lang='lat' dir='ltr'>formari</span> <span class='ocrx_word' id='word_1_211' title='bbox 525 3480 640 3552; x_wconf 89' lang='lat' dir='ltr'>potest:</span> <span class='ocrx_word' id='word_1_212' title='bbox 665 3471 737 3546; x_wconf 81' lang='lat' dir='ltr'>,Ces</span> <span class='ocrx_word' id='word_1_213' title='bbox 760 3483 840 3532; x_wconf 81' lang='lat' dir='ltr'>soant</span> <span class='ocrx_word' id='word_1_214' title='bbox 863 3473 901 3532; x_wconf 83' lang='grc'>111</span> <span class='ocrx_word' id='word_1_215' title='bbox 921 3473 992 3532; x_wconf 80' lang='lat' dir='ltr'>Loto</span> <span class='ocrx_word' id='word_1_216' title='bbox 1017 3484 1043 3533; x_wconf 87' lang='grc'>11</span> <span class='ocrx_word' id='word_1_217' title='bbox 1066 3475 1105 3533; x_wconf 82' lang='lat' dir='ltr'>lec</span> <span class='ocrx_word' id='word_1_218' title='bbox 1128 3461 1228 3534; x_wconf 71' lang='lat' dir='ltr'>Castu-</span> 
     </span>
     <span class='ocr_line' id='line_1_30' title="bbox 224 3575 1285 3652; baseline 0.007 -20"><span class='ocrx_word' id='word_1_219' title='bbox 224 3593 294 3644; x_wconf 79' lang='grc'>1111,</span> <span class='ocrx_word' id='word_1_220' title='bbox 323 3594 375 3650; x_wconf 78' lang='lat' dir='ltr'>quc</span> <span class='ocrx_word' id='word_1_221' title='bbox 400 3577 420 3633; x_wconf 86' lang='lat' dir='ltr'>li</span> <span class='ocrx_word' id='word_1_222' title='bbox 440 3577 508 3634; x_wconf 79' lang='lat' dir='ltr'>Rois</span> <span class='ocrx_word' id='word_1_223' title='bbox 535 3575 662 3646; x_wconf 62' lang='lat' dir='ltr'>mutam</span> <span class='ocrx_word' id='word_1_224' title='bbox 682 3585 820 3651; x_wconf 69' lang='grc'>9111111111</span> <span class='ocrx_word' id='word_1_225' title='bbox 844 3595 864 3634; x_wconf 88' lang='lat' dir='ltr'>c</span> <span class='ocrx_word' id='word_1_226' title='bbox 888 3586 929 3634; x_wconf 86' lang='lat' dir='ltr'>tut</span> <span class='ocrx_word' id='word_1_227' title='bbox 953 3576 977 3634; x_wconf 81' lang='lat' dir='ltr'>le</span> <span class='ocrx_word' id='word_1_228' title='bbox 997 3577 1086 3652; x_wconf 80' lang='lat' dir='ltr'>puple</span> <span class='ocrx_word' id='word_1_229' title='bbox 1106 3577 1141 3634; x_wconf 87' lang='lat' dir='ltr'>dc</span> <span class='ocrx_word' id='word_1_230' title='bbox 1165 3577 1229 3635; x_wconf 86' lang='lat' dir='ltr'>En·</span> <span class='ocrx_word' id='word_1_231' title='bbox 1282 3633 1285 3640; x_wconf 88' lang='grc'>.</span> 
     </span>
     <span class='ocr_line' id='line_1_31' title="bbox 221 3675 1227 3754; baseline -0.001 -19"><span class='ocrx_word' id='word_1_232' title='bbox 221 3677 338 3752; x_wconf 67' lang='grc'>11111111</span> <span class='ocrx_word' id='word_1_233' title='bbox 358 3694 442 3750; x_wconf 83' lang='lat' dir='ltr'>apres</span> <span class='ocrx_word' id='word_1_234' title='bbox 461 3678 486 3734; x_wconf 84' lang='lat' dir='ltr'>lc</span> <span class='ocrx_word' id='word_1_235' title='bbox 508 3678 644 3754; x_wconf 79' lang='lat' dir='ltr'>Oocqucat</span> <span class='ocrx_word' id='word_1_236' title='bbox 664 3679 699 3734; x_wconf 81' lang='lat' dir='ltr'>de</span> <span class='ocrx_word' id='word_1_237' title='bbox 719 3678 749 3735; x_wconf 86' lang='lat' dir='ltr'>lc</span> <span class='ocrx_word' id='word_1_238' title='bbox 769 3677 872 3736; x_wconf 79' lang='lat' dir='ltr'>terre“.</span> <span class='ocrx_word' id='word_1_239' title='bbox 912 3675 977 3734; x_wconf 88' lang='lat' dir='ltr'>Nec</span> <span class='ocrx_word' id='word_1_240' title='bbox 1002 3677 1111 3735; x_wconf 86' lang='lat' dir='ltr'>desunt</span> <span class='ocrx_word' id='word_1_241' title='bbox 1135 3677 1227 3734; x_wconf 89' lang='lat' dir='ltr'>artifi-</span> 
     </span>
     <span class='ocr_line' id='line_1_32' title="bbox 135 3777 1228 3856; baseline -0.001 -19"><span class='ocrx_word' id='word_1_242' title='bbox 135 3851 138 3856; x_wconf 87' lang='lat'>.</span> <span class='ocrx_word' id='word_1_243' title='bbox 214 3778 316 3838; x_wconf 80' lang='lat' dir='ltr'>cieris</span> <span class='ocrx_word' id='word_1_244' title='bbox 331 3778 565 3838; x_wconf 89' lang='lat' dir='ltr'>constructionis</span> <span class='ocrx_word' id='word_1_245' title='bbox 579 3779 735 3856; x_wconf 83' lang='lat' dir='ltr'>ambages:</span> <span class='ocrx_word' id='word_1_246' title='bbox 754 3782 801 3850; x_wconf 80' lang='lat' dir='ltr'>,si</span> <span class='ocrx_word' id='word_1_247' title='bbox 820 3797 857 3834; x_wconf 82' lang='lat' dir='ltr'>aa</span> <span class='ocrx_word' id='word_1_248' title='bbox 876 3778 982 3835; x_wconf 85' lang='lat' dir='ltr'>rendra</span> <span class='ocrx_word' id='word_1_249' title='bbox 1000 3795 1059 3852; x_wconf 81' lang='lat' dir='ltr'>qne</span> <span class='ocrx_word' id='word_1_250' title='bbox 1076 3777 1106 3835; x_wconf 86' lang='lat' dir='ltr'>lu</span> <span class='ocrx_word' id='word_1_251' title='bbox 1123 3778 1228 3836; x_wconf 60' lang='lat' dir='ltr'>mearet</span> 
     </span>
    </p>

    <p class='ocr_par' dir='ltr' id='par_1_10' title="bbox 198 3873 1229 4162">
     <span class='ocr_line' id='line_1_33' title="bbox 300 3873 1228 3958; baseline -0.003 -18"><span class='ocrx_word' id='word_1_252' title='bbox 300 3877 361 3940; x_wconf 89' lang='lat' dir='ltr'>Sed</span> <span class='ocrx_word' id='word_1_253' title='bbox 380 3896 453 3938; x_wconf 85' lang='lat' dir='ltr'>usus</span> <span class='ocrx_word' id='word_1_254' title='bbox 468 3878 656 3956; x_wconf 84' lang='lat' dir='ltr'>singulorum</span> <span class='ocrx_word' id='word_1_255' title='bbox 670 3897 802 3952; x_wconf 80' lang='lat' dir='ltr'>casuum,</span> <span class='ocrx_word' id='word_1_256' title='bbox 823 3879 949 3958; x_wconf 86' lang='lat' dir='ltr'>genitivi</span> <span class='ocrx_word' id='word_1_257' title='bbox 963 3878 1134 3956; x_wconf 78' lang='lat' dir='ltr'>praecipue,</span> <span class='ocrx_word' id='word_1_258' title='bbox 1153 3873 1228 3938; x_wconf 83' lang='lat' dir='ltr'>n&#39;on-</span> 
     </span>
     <span class='ocr_line' id='line_1_34' title="bbox 198 3980 1229 4060; baseline -0.002 -21"><span class='ocrx_word' id='word_1_259' title='bbox 198 3983 293 4039; x_wconf 86' lang='lat' dir='ltr'>dum</span> <span class='ocrx_word' id='word_1_260' title='bbox 318 3981 393 4042; x_wconf 88' lang='lat' dir='ltr'>satis</span> <span class='ocrx_word' id='word_1_261' title='bbox 418 3988 518 4039; x_wconf 89' lang='lat' dir='ltr'>certus</span> <span class='ocrx_word' id='word_1_262' title='bbox 543 3987 573 4038; x_wconf 87' lang='lat' dir='ltr'>et</span> <span class='ocrx_word' id='word_1_263' title='bbox 596 3981 756 4040; x_wconf 89' lang='lat' dir='ltr'>distinctus</span> <span class='ocrx_word' id='word_1_264' title='bbox 780 3980 847 4054; x_wconf 85' lang='lat' dir='ltr'>fuit,</span> <span class='ocrx_word' id='word_1_265' title='bbox 871 4001 940 4060; x_wconf 62' lang='lat' dir='ltr'>qua,</span> <span class='ocrx_word' id='word_1_266' title='bbox 954 3982 986 4040; x_wconf 90' lang='lat' dir='ltr'>in</span> <span class='ocrx_word' id='word_1_267' title='bbox 1010 4001 1044 4040; x_wconf 90' lang='lat' dir='ltr'>re</span> <span class='ocrx_word' id='word_1_268' title='bbox 1063 3980 1229 4040; x_wconf 89' lang='lat' dir='ltr'>notandum</span> 
     </span>
     <span class='ocr_line' id='line_1_35' title="bbox 223 4081 1229 4162; baseline -0.002 -20"><span class='ocrx_word' id='word_1_269' title='bbox 223 4091 279 4157; x_wconf 89' lang='lat' dir='ltr'>est,</span> <span class='ocrx_word' id='word_1_270' title='bbox 300 4083 515 4144; x_wconf 89' lang='lat' dir='ltr'>obscuritatem</span> <span class='ocrx_word' id='word_1_271' title='bbox 535 4083 710 4146; x_wconf 86' lang='lat' dir='ltr'>consociata</span> <span class='ocrx_word' id='word_1_272' title='bbox 729 4083 928 4162; x_wconf 53' lang='lat' dir='ltr'>,subjectiva</span> <span class='ocrx_word' id='word_1_273' title='bbox 947 4092 977 4144; x_wconf 89' lang='lat' dir='ltr'>et</span> <span class='ocrx_word' id='word_1_274' title='bbox 995 4081 1177 4160; x_wconf 54' lang='grc' dir='ltr'>,1113111111ις</span> <span class='ocrx_word' id='word_1_275' title='bbox 1196 4081 1229 4141; x_wconf 86' lang='lat' dir='ltr'>vi</span> 
     </span>
    </p>
   </div>
   <div class='ocr_carea' id='block_1_5' title="bbox 0 0 1562 5194">
    <p class='ocr_par' dir='ltr' id='par_1_11' title="bbox 0 0 1562 5194">
     <span class='ocr_line' id='line_1_36' title="bbox 0 0 1562 5194; baseline 0 5"><span class='ocrx_word' id='word_1_276' title='bbox 0 0 1562 5194; x_wconf 95' lang='lat' dir='ltr'> </span> 
     </span>
    </p>
   </div>
  </div>
 </body>
</html>
