3114 5194
351 691 391 752 ad
422 689 582 769 imperium
611 691 784 752 ascendisse
817 687 1032 759 concedamus,
1066 684 1213 748 Germani
1245 691 1355 760 tamen,

351 795 409 854 etsi
434 813 583 854 summum
608 794 739 854 studium
764 791 868 850 latinis
891 791 989 850 literis
1013 791 1234 867 impendentes,
1259 791 1356 870 magis

260 947 270 960 .
350 898 542 974 peregrinam
562 897 696 974 linguam
717 894 782 954 suis
802 891 951 964 sensibus,
972 913 1061 971 quam
1075 911 1147 952 suos
1162 912 1268 952 sensus
1288 913 1355 970 per·

352 1000 475 1077 egrinae
493 999 617 1076 linguae
630 997 875 1056 accommodasse
887 996 1037 1054 videntur.
1058 1029 1095 1038 -
1116 993 1177 1054 Sed
1190 1015 1251 1054 non
1265 995 1355 1054 modo

351 1101 458 1160 formis
478 1100 689 1159 artificialibus
714 1099 902 1174 syntheticaa
925 1099 1048 1176 linguae
1062 1097 1185 1156 ¹latinatc
1204 1097 1356 1156 excidium

349 1203 524 1280 parabatur,
544 1222 648 1260 verum
669 1202 759 1260 etiam
780 1202 807 1260 si
828 1202 937 1279 quibua
960 1201 1051 1260 rebus
1071 1200 1267 1278 designandis
1286 1207 1358 1276 apta

349 1305 447 1363 latina
466 1305 590 1362 nomina
609 1306 747 1376 deerant,
769 1303 893 1362 nomina
911 1322 949 1360 ex
969 1303 1105 1379 ipsorum
1124 1303 1230 1379 lingua
1249 1302 1358 1360 hausta

351 1406 530 1464 inferebant.
582 1407 633 1465 Ex
665 1406 723 1464 hac
755 1405 848 1483 igitur
878 1404 1059 1482 germanicis
1089 1403 1246 1462 elementia
1276 1421 1356 1461 com-

351 1508 448 1567 mixta
465 1509 563 1568 latina
581 1509 696 1586 lingua,
715 1507 946 1584 franco-gallica
965 1506 1088 1583 prodire
1108 1507 1217 1582 coepit.

427 1609 577 1670 Nonnulli
591 1611 623 1668 in
635 1610 741 1687 lingua
753 1609 868 1668 rustica
880 1627 1006 1666 romana
1019 1626 1038 1666 a
1049 1607 1206 1666 literarum
1219 1610 1356 1668 oratione

350 1729 476 1788 prorsus
491 1711 612 1770 diversa
624 1711 806 1788 principium
820 1711 1003 1786 analyticum
1019 1709 1213 1787 jampridem
1230 1709 1355 1770 latuisse

351 1821 482 1873 censent.
503 1847 541 1856 —
561 1813 713 1872 Fuchsius
734 1815 771 1872 de
790 1813 925 1872 romanis
950 1812 1064 1890 linguis
1089 1831 1271 1890 magnopere
1296 1833 1356 1872 me-

349 1917 427 1974 ritus
452 1916 578 1988 frustra,
595 1925 633 1974 ut
652 1916 785 1974 indolem
809 1915 894 1973 illius
913 1915 1045 1972 rusticae
1069 1914 1191 1992 linguae
1215 1915 1356 1988 illustret,

349 2018 478 2076 laborat.
519 2015 722 2093 Quaecunque
743 2037 782 2076 ex
801 2017 941 2076 romanis
956 2016 1131 2075 auctoribus
1151 2017 1265 2089 attulit,
1290 2037 1356 2076 eam

350 2121 482 2180 rusticae
501 2119 624 2196 linguae
644 2126 796 2192 naturam,
822 2137 910 2196 quam
935 2120 1001 2196 ipse
1022 2119 1082 2178 sibi
1106 2119 1208 2191 finxit,
1233 2119 1356 2178 minime

350 2223 493 2298 probant3
514 2220 546 2278 id
566 2239 672 2291 unum,
693 2221 774 2297 quod
794 2240 883 2279 nemo
903 2210 1041 2299 negabit,
1062 2221 1224 2281 ostendunt
1243 2222 1355 2281 latinae

260 2339 264 2347 ·
350 2323 499 2382 orationis
524 2321 705 2398 elegantiam
730 2342 749 2380 a
772 2322 871 2400 vulgo
891 2331 1063 2398 corruptam
1084 2342 1151 2382 esse
1162 2323 1196 2400 ¹).
1241 2325 1291 2383 Ex
1310 2345 1356 2382 re-

348 2443 416 2483 rum
440 2433 548 2482 natura
572 2432 807 2482 consentaneum
828 2432 874 2482 est
898 2424 1054 2502 vulgarem
1074 2443 1252 2498 sermonem,
1273 2425 1355 2484 etin

348 2526 609 2604 pronunciatione,
630 2526 708 2583 etin
722 2526 949 2603 neglegentiore
962 2527 1123 2585 verborum
1144 2527 1301 2599 electione,
1322 2528 1354 2586 in

349 2627 547 2688 solutioribus
579 2627 708 2702 denique
743 2628 903 2686 structuris
934 2648 953 2685 a
981 2629 1078 2705 polita
1109 2630 1265 2688 literarum
1295 2630 1353 2687 ele-

350 2730 455 2812 gantia
473 2729 678 2805 discrepuisse
698 2730 968 2806 grammaticusque
991 2731 1074 2808 leges
1095 2731 1355 2809 elegantioresque

350 2831 499 2890 orationis
520 2849 661 2890 numeros
681 2832 842 2909 plerosque
862 2851 881 2889 a
900 2832 992 2910 vulgo
1012 2833 1168 2911 ignoratos
1187 2834 1355 2910 neglectos·

349 2953 407 3012 que
427 2951 503 2992 esse.
547 2931 793 2992 Obsoletioribus
818 2934 925 2992 formis
951 2943 1041 3012 atque
1061 2936 1232 3013 antiquiore
1252 2935 1353 2992 colore

348 3037 484 3114 linguam
507 3034 651 3093 rusticam
675 3035 844 3111 praeditam
870 3035 965 3093 fuisse
994 3037 1169 3094 testimonia
1193 3056 1231 3095 ex
1255 3036 1354 3096 literis

348 3139 454 3199 latinis
472 3144 594 3214 sumpta
614 3137 829 3195 demonstrant.
850 3169 888 3180 -—
908 3134 1027 3208 Cicero,
1048 3136 1099 3212 qui
1123 3146 1280 3197 nautarum
1300 3140 1354 3196 hu-

348 3242 415 3301 mili
435 3239 587 3310 societati,
612 3247 646 3296 ut
666 3239 757 3297 etiam
777 3239 920 3300 minutias
944 3239 1067 3317 linguae
1087 3247 1295 3315 cognosceret,
1321 3257 1354 3298 se

348 3342 526 3412 immiscuit,
553 3341 590 3398 de
610 3341 731 3399 diversa
750 3342 881 3400 rusticae
900 3342 1022 3418 linguae
1042 3347 1150 3396 natura
1171 3359 1209 3397 ne
1228 3341 1353 3400 verbum

315 3512 317 3517 .
350 3443 470 3522 quidem
485 3441 588 3500 edidit.
608 3474 646 3482 —
667 3438 701 3500 Si
721 3460 793 3499 vero
809 3439 991 3500 Caesaribus
1012 3441 1230 3517 imperantibus
1249 3443 1355 3524 lingua

400 3671 420 3724 1)
434 3671 569 3722 ltayncuord,
582 3669 676 3712 Gramm.
689 3679 760 3718 comp.
773 3670 811 3710 des
824 3671 881 3720 lang.
894 3670 921 3710 de
934 3670 973 3710 ΓΕ.
986 3671 1023 3710 lat.
1035 3683 1057 3721 p.
1070 3672 1177 3714 mavul:
1196 3675 1226 3714 Et
1238 3673 1307 3714 meme
1321 3677 1353 3713 las

349 3745 435 3782 arrunte
449 3740 487 3790 qni
503 3743 542 3780 ont
554 3737 666 3780 demontrd
680 3750 721 3790 que
739 3740 759 3778 lc
773 3740 852 3790 psupls
866 3739 893 3777 de
907 3739 974 3778 Romo
993 3742 1015 3777 et
1032 3740 1070 3780 des
1089 3751 1218 3792 campagnes
1231 3742 1311 3790 perluit
1324 3752 1352 3781 un

349 3810 404 3848 lutln
416 3819 539 3857 corrompu,
551 3817 575 3846 so
588 3807 668 3846 servait
680 3807 848 3856 d’expressions,
861 3807 887 3846 do
901 3810 981 3847 termes
994 3807 1093 3848 insolitas
1107 3820 1135 3848 ou
1149 3807 1276 3857 instituente,
1290 3812 1312 3847 et
1325 3809 1352 3847 de

350 3881 465 3916 tournures
474 3875 577 3922 triuiales,
589 3875 695 3914 nont-tls
704 3885 744 3924 prs
757 3875 837 3925 tourni,
849 3885 889 3925 par
901 3875 959 3918 laura
968 3887 1059 3928 propres
1073 3877 1207 3924 recherches,
1221 3886 1262 3914 une
1271 3886 1351 3925 prauus

351 3942 450 3984 tridento
464 3943 515 3993 qn‘il
528 3942 638 3982 n'cxistrit
655 3953 695 3991 pas
708 3940 721 3982 d
733 3944 800 3983 Rome
813 3954 842 3984 uu
859 3943 940 3984 idioma
954 3947 1089 3997 particullsr,
1107 3943 1199 3994 poloque
1213 3953 1250 3984 ces
1266 3948 1353 3995 termes,

351 4023 388 4056 ees
401 4015 469 4060 mors,
486 4010 581 4061 quoique
594 4010 712 4059 mortiers,
728 4007 810 4052 etalem
823 4013 926 4056 torrtstols
940 4011 1052 4066 employts
1065 4011 1125 4052 selon
1138 4012 1222 4064 l’esprit
1234 4015 1256 4054 st
1268 4011 1353 4066 d'spres

347 4081 383 4123 les
395 4080 476 4122 termes
489 4079 516 4120 ds
528 4079 551 4120 ls
563 4077 690 4130 grammaire
702 4077 782 4120 ladas?
