3114 5194
582 533 847 600 m.7„.„

210 707 326 766 rustica
350 725 369 764 a
391 703 545 764 literarum
576 704 714 762 oratioue
744 704 776 762 in
805 704 872 762 dies
901 703 999 782 magis
1030 700 1215 782 discedebat,

211 825 303 866 causa
326 807 414 882 hujus
438 807 483 864 rei
503 823 542 866 ex
562 817 710 867 concursu
730 807 933 881 subjecturum
953 808 1103 884 gentium,
1127 810 1214 868 undi-

209 929 267 986 que
287 908 414 967 Romam
434 908 661 979 confluentium,
686 909 850 984 repetenda
869 915 923 966 est.
964 909 1015 966 Illi
1036 910 1130 982 enim,
1157 911 1215 970 etsi

208 1011 332 1070 latinam
355 1009 490 1087 linguam
515 1009 748 1085 adoptaverunt,
773 1026 895 1068 suarum
919 1017 1019 1068 tamen
1042 1011 1214 1088 linguarum

206 1112 408 1189 proprietates
438 1112 483 1170 ita
511 1111 696 1180 inferebant,
726 1119 760 1169 ut
787 1111 924 1190 linguam
948 1111 1092 1172 rusticam
1115 1112 1213 1188 ipsam

205 1215 449 1290 pessumdarent3
479 1212 600 1272 facilius
625 1212 759 1272 enimin
785 1213 915 1272 alienam
945 1214 1093 1292 linguam,
1123 1232 1213 1290 quam

206 1316 239 1375 iu
258 1315 335 1376 alias
355 1315 512 1392 cogitandi
532 1313 598 1374 vias
618 1313 767 1372 insinuari
786 1314 867 1374 licet.

281 1399 449 1492 Burguius,
474 1434 565 1492 quum
585 1433 690 1474 sanam
717 1416 755 1474 de
779 1416 885 1494 lingua
903 1417 1018 1477 rustica
1038 1417 1212 1493 opinionem

205 1529 236 1580 et
255 1518 382 1580 Fuchsii
407 1517 558 1578 fictionem
583 1517 715 1576 confimo
741 1517 874 1588 studeat,
899 1517 1030 1592 primum
1054 1512 1151 1578 multa
1174 1519 1212 1578 de

205 1621 311 1698 lingua
329 1619 443 1681 rustica
466 1619 595 1697 profert,
619 1619 729 1678 deinde
749 1618 884 1696 vulgaris
909 1625 940 1677 et
963 1618 1119 1680 literarum
1144 1639 1211 1678 ora-

204 1723 298 1782 tionis
327 1728 466 1780 naturam
496 1721 619 1784 differre
648 1728 739 1798 negat
753 1718 797 1794 1):
830 1721 913 1796 atqui
947 1721 1018 1780 hinc
1048 1741 1109 1780 non
1139 1723 1210 1782 tulis

203 1825 309 1900 lingua
331 1822 447 1882 rustica
471 1821 615 1892 efficitur,
642 1821 761 1898 qualem
786 1819 937 1882 Fuchsius
962 1823 1073 1894 voluit,
1098 1823 1210 1900 quippe

204 1925 256 2001 qui
288 1924 444 1982 Romanos
477 1923 560 1982 viros
593 1922 775 1994 nobiliores,
809 1931 842 1980 ut
871 1923 964 2000 uulgo
995 1942 1102 1986 sensus
1136 1943 1208 1984 suos

204 2025 365 2103 aperirent,
385 2023 549 2100 interprete
568 2023 737 2102 indiguisse
758 2025 847 2084 dicat.

279 2126 330 2184 Ex
350 2125 499 2196 omnibuS,
520 2145 597 2202 quae
604 2126 748 2202 exposui,
765 2128 834 2200 jure
852 2127 996 2204 colligere
1014 2127 1090 2186 mihi
1103 2127 1209 2186 videor

201 2228 335 2305 reliquas
355 2227 393 2284 de
410 2225 798 2304 originefranco-gallicae
817 2227 939 2306 linguae
960 2229 1120 2304 opiniones
1141 2247 1208 2288 esse

201 2329 391 2405 rejiciendas,
416 2327 603 2404 probandam
624 2328 804 2386 senteutiam
823 2347 931 2402 meam,
954 2329 1007 2406 qui
1025 2329 1207 2407 franco-gul-

200 2431 291 2490 licam
313 2429 450 2507 linguam
473 2449 493 2488 a
515 2430 649 2489 romanis
676 2430 832 2490 elementis
857 2430 902 2488 ita
926 2439 1024 2490 ortam
1048 2449 1116 2493 esse
1136 2450 1206 2490 con-

200 2534 335 2606 tendam,
366 2539 399 2590 ut
423 2532 461 2590 ab
486 2531 643 2591 elementis
668 2531 864 2610 germanicis,
890 2540 920 2590 et
943 2533 1151 2610 pronuntiatio
1177 2541 1207 2590 et

200 2634 414 2712 grammaticae
447 2640 616 2694 structurae
645 2635 834 2706 immutatae,
865 2641 895 2692 et
926 2634 1088 2692 verborum
1117 2635 1206 2710 copia

201 2745 289 2796 aucta
307 2736 360 2795 sit:
390 2734 514 2794 celticas
539 2754 612 2792 vero
632 2735 794 2812 reliquias,
818 2735 846 2794 si
866 2754 942 2812 quac
962 2735 995 2792 in
1014 2734 1206 2812 franco-gal·

198 2837 260 2894 lica
290 2836 396 2912 lingua
427 2836 566 2912 indagari
598 2837 730 2913 possint,
763 2837 878 2910 majore
906 2839 975 2911 juro
1005 2837 1215 2916 germanicae,

199 2957 288 3015 quam
308 2936 364 2994 ulli
385 2935 439 2994 alii
457 2936 580 3014 linguae
599 2937 838 2998 adnumerandus
859 2955 934 2998 esse.
1089 2934 1091 2940 ’

274 3037 394 3098 Latinis
414 3038 452 3097 de
465 3038 621 3098 elementis
636 3039 884 3118 franco-gallicae
903 3041 1025 3120 linguae
1039 3059 1129 3117 quum
1139 3044 1204 3116 jam

197 3140 256 3199 viri
281 3139 450 3198 doctissimi
469 3139 705 3218 Raynouardus,
734 3141 851 3214 Fallot,
881 3141 1022 3214 Diezius,
1052 3142 1203 3214 Fuchsius

197 3242 250 3302 alii
279 3242 373 3302 latius
401 3241 533 3320 egerint,
567 3244 706 3320 equidem
740 3243 857 3302 minore
888 3243 1006 3302 ratione
1039 3244 1202 3302 latinorum

196 3345 414 3404 elementorum
437 3344 543 3404 habita
565 3344 768 3422 germanicam
790 3344 946 3422 linguam,
964 3365 1052 3424 quam
1077 3347 1138 3404 vim
1163 3347 1202 3406 ad

195 3447 308 3506 formas
332 3447 455 3525 linguae
479 3433 736 3528 franco-gallicae
759 3447 916 3525 fingendas
936 3449 1114 3522 exercuerit,
1133 3468 1200 3525 per·

197 3563 305 3622 sequar
315 3548 350 3622 2).

245 3782 269 3860 ll
279 3809 379 3859 nemoy,
393 3807 487 3850 (irarum
500 3811 527 3851 ds
540 3812 562 3851 la
574 3813 631 3862 lang.
644 3810 702 3861 doit,
714 3810 789 3852 Berlin
802 3809 859 3850 1858.
879 3810 895 3850 1.
908 3821 929 3860 p.
943 3810 972 3852 'tr
998 3811 1028 3852 Le
1041 3813 1096 3853 latin
1109 3809 1164 3853 terit
1177 3817 1199 3853 et

193 3878 214 3919 lc
226 3878 281 3920 btin
293 3877 390 3928 vorsus
402 3877 482 3928 turem,
494 3879 511 3918 il
524 3883 558 3920 est
570 3875 681 3930 pronaum,
693 3879 818 3930 idsnuqucs
831 3879 885 3920 daus
897 3879 931 3920 iss
944 3883 1147 3922 commoneameuts.

244 3976 266 4028 ²)
279 3977 339 4030 mter.
352 3977 450 4026 uicum·
463 3980 483 4024 t·
496 3979 592 4025 utrum
605 3979 721 4034 &urudua
734 3980 765 4022 111
778 3979 820 4021 vot
840 3981 915 4032 monn,
928 3979 1075 4034 imo-1844,
1087 3983 1104 4024 L
1117 3995 1139 4034 p.
1151 3981 1183 4024 45.
