3114 5194
558 555 919 644 „gm'

189 748 321 808 tinentes
341 747 379 805 ab
399 746 461 804 illis
481 745 634 823 neglectas
650 763 717 806 esse
738 763 776 804 ex
795 746 1040 806 acutissimorum
1059 748 1193 809 virorum

190 849 306 908 celticis
331 849 439 907 studiis
464 847 578 906 affatim
601 855 693 924 patet.
717 879 755 890 -
785 847 919 907 Druides
944 850 1192 928 sacerdotumque

188 951 326 1009 ordinem
342 949 535 1026 exquisitioni
555 949 699 1008 scientiae
717 949 882 1008 indulsisse
903 969 922 1007 a
934 949 1105 1010 Niebubrio
1123 971 1193 1028 pro·

187 1152 290 1210 afferri
310 1153 423 1230 nequit,
444 1153 516 1230 quia
535 1171 573 1210 ne
592 1172 685 1210 unum
704 1153 824 1229 quidem
844 1161 1069 1212 monumentum
1083 1163 1196 1214 nutat.

188 1285 226 1296 -
247 1252 435 1332 Quamquam
455 1254 576 1326 nescio,
600 1273 639 1312 an
662 1253 733 1312 hinc
753 1254 834 1330 quod
858 1251 972 1312 Caesar
998 1253 1106 1314 Gallos
1131 1274 1193 1314 uon

187 1356 331 1434 propriis,
354 1357 408 1416 sed
428 1355 545 1433 graecis
565 1355 662 1414 literis
682 1356 715 1412 in
735 1355 895 1414 scribendo
916 1374 989 1414 usos
1009 1355 1113 1431 essai)
1132 1365 1193 1416 tra-

187 1457 312 1529 diderit,
341 1457 446 1535 colligi
465 1455 569 1533 'possit
591 1455 725 1514 Druides
751 1475 926 1534 graecarum
950 1457 1107 1516 literarum
1131 1479 1193 1518 non

186 1577 312 1634 prorsus
333 1568 471 1636 expertes
491 1559 595 1618 luisse.
772 1548 777 1556 ’

263 1659 373 1720 Certae
397 1661 543 1738 reliquiae
568 1659 693 1720 celticae
720 1659 843 1737 linguae
867 1661 900 1720 in
925 1661 1099 1721 nominibus
1122 1681 1192 1739 pro·

185 1762 262 1838 priis
291 1762 427 1820 locorum
456 1779 713 1838 personarumque
735 1771 936 1821 conservatae
962 1771 1045 1834 sunt3
1076 1783 1115 1822 ex
1144 1765 1193 1823 his

185 1863 255 1924 unis
287 1863 421 1922 indolem
454 1863 538 1922 illius
570 1862 692 1940 liuguae
722 1864 859 1924 divinare
892 1865 1010 1924 lubrica
1040 1883 1112 1924 sane
1142 1867 1194 1924 via

186 1981 356 2040 possumus.
377 1995 415 2006 -
434 1962 500 2022 Nec
520 1963 548 2022 si
567 1982 600 2022 re
620 1983 693 2022 vera
712 1963 889 2024 Britanniae
909 1966 1037 2024 minoris
1062 1966 1192 2039 incolae,

187 2061 272 2124 Sonti
296 2065 432 2124 montani
456 2063 683 2141 Hibamique³)
712 2066 874 2145 progenies
899 2065 1054 2126 Celtarum
1080 2077 1191 2140 esseut7

187 2185 226 2225 ex
254 2167 361 2226 borum
395 2166 586 2226 sermonibus
620 2186 675 2244 per
709 2176 824 2228 tantam
858 2169 1047 2228 saeculorum
1082 2170 1191 2229 seriem

186 2268 290 2328 multis
319 2267 429 2326 alienis
458 2266 615 2326 elementis
646 2269 712 2328 sine
737 2269 830 2330 dubio
860 2271 1026 2346 inquinatis
1057 2271 1192 2348 origines

186 2370 310 2428 celticae
328 2369 452 2447 linguae
472 2389 577 2428 eruere
597 2369 704 2430 liceret
717 2372 806 2430 nobis
821 2371 859 2430 ab
874 2372 1014 2432 omnibus
1033 2372 1191 2430 literarum

184 2471 386 2532 monumentis
407 2471 570 2530 destitutis.
590 2503 629 2536 -,
648 2473 699 2532 Ex
718 2474 823 2549 paucis
844 2473 906 2532 illis
927 2475 1065 2551 reliquiis
1087 2471 1190 2534 Celtas

184 2594 245 2634 non
265 2573 419 2650 propriam
439 2573 588 2648 quandam
606 2575 729 2652 linguae
743 2575 866 2650 stirpem
882 2575 1017 2635 effecisse
1031 2576 1191 2636 collectum

185 2685 239 2736 est.
289 2675 388 2749 Quam
412 2675 566 2750 paululum
591 2683 691 2734 autem
720 2676 798 2736 lucis
823 2677 872 2734 vel
897 2677 1053 2736 acerrimis
1077 2677 1190 2736 labori·

184 2777 310 2836 boribus
330 2780 498 2855 cognitioni
524 2797 681 2840 caseorum
706 2778 903 2838 occidentalis
927 2779 1070 2855 Europae
1093 2779 1190 2856 partis

184 2877 352 2936 incolarum
378 2881 491 2938 affandi
511 2881 624 2955 possit,
649 2879 809 2956 ingeniosa
829 2877 977 2938 Guilelmi
995 2881 1191 2940 Humboldtii

185 2980 286 3038 studia
319 2988 481 3051 testulutum
516 3000 554 3039 ex
584 2980 623 3038 iis
652 2988 753 3037 tamen
787 2981 927 3056 antiquos
965 2983 1086 3056 Iberos,
1121 2984 1190 3042 stir-

184 3101 252 3156 pem
276 3080 459 3155 Vasconum,
490 3103 508 3140 a
533 3081 630 3141 Celtis
655 3082 792 3141 diversos
816 3083 925 3155 luisse,
955 3092 1063 3160 postea
1090 3094 1190 3144 autem

185 3179 288 3242 Celtas
308 3183 473 3260 Iberosque
494 3185 675 3244 commixtos
694 3203 760 3242 esse
775 3183 882 3244 elucet.
920 3183 1002 3244 Huic
1022 3187 1190 3245 sententiae

182 3281 334 3343 Heni-iens
354 3285 504 3344 Martinus
524 3286 557 3343 in
576 3286 848 3362 praestantissimis
868 3286 1116 3364 franco-gallicis
1137 3305 1189 3346 an-

182 3385 302 3444 nalibus
317 3386 531 3463 adstipulatur:
548 3383 698 3445 cunabula
711 3383 864 3444 Celtarum
878 3387 1122 3466 reliquorumque
1134 3408 1188 3466 po·

181 3487 321 3563 pulcrum
341 3489 619 3566 indo-germanicae
641 3487 746 3564 stirpis
766 3489 873 3548 Asiam
892 3489 1023 3547 mediam
1042 3489 1188 3565 fuisse⁴);

233 3698 254 3750 1)
268 3695 370 3750 attatum,
383 3699 488 3752 minitare
502 3699 622 3754 &cimitata
634 3701 662 3742 11.
674 3711 696 3752 p.
709 3700 752 3742 255.

232 3774 254 3826 2)
268 3774 394 3824 enecanda
407 3775 464 3816 bello
477 3777 657 3819 Gall.V1..c.14.

231 3843 253 3893 s)
266 3843 377 3882 Hibernos
389 3847 447 3882 certa
455 3842 534 3894 (laelio,
547 3845 666 3886 anacetus
677 3841 850 3884 adnumerandus
859 3845 1022 3898 emmeramus,
1034 3845 1093 3897 nel„
1106 3846 1188 3888 docuit.

230 3919 252 3969 ⁴)
265 3917 335 3958 Heuri
343 3919 430 3968 stanin,
442 3919 499 3959 illst.
512 3921 539 3960 (le
548 3921 638 3961 Franco.
650 3921 668 3960 1.
680 3919 752 3969 p.10.:
770 3918 830 3960 cette
844 3921 944 3962 brillants
957 3925 1188 3974 rsce...appsrtsualt

182 3981 228 4023 ils
240 3987 319 4035 made
332 3986 414 4026 inmille
427 3987 529 4027 homnine
541 3988 595 4027 dont
607 3989 673 4028 l'Asie
687 3987 781 4026 neutrale
793 3987 826 4026 tut
838 3989 858 4028 lc
872 3990 974 4030 bernean:
987 3992 1019 4031 les
1032 3991 1122 4041 langues
1135 4003 1187 4042 guu-

181 4050 259 4100 lolocs‚
272 4063 354 4093 comme
368 4055 388 4093 la
402 4065 463 4104 grec,
476 4065 560 4094 comme
574 4056 594 4095 ls
607 4056 671 4106 latin,
684 4067 768 4096 comme
781 4055 801 4095 le
815 4055 932 4108 sudesque,
945 4069 1029 4099 comme
1042 4059 1062 4098 lo
1076 4057 1134 4099 slave
1147 4069 1187 4108 pa·

180 4119 275 4158 ruissent
288 4129 311 4160 sa
323 4121 431 4162 rsttacber
443 4132 470 4162 su
483 4123 582 4164 ranscrit.
1086 4135 1090 4144 ’

993 4203 1035 4262 1..
