3114 5194
736 571 1002 638 ,4.-

366 745 474 804 Iberos
494 751 608 814 autem,
632 742 737 820 utqui
757 762 776 801 a
795 743 916 802 diversa
941 742 1040 818 stirpe
1056 741 1279 816 descenderint,
1304 743 1370 802 nul·

366 847 428 906 lam
448 845 623 905 societatem
643 863 710 904 cum
731 843 827 904 Celtis
848 844 921 902 olim
941 843 1129 919 habuisse1).

444 949 546 1022 Atque
566 966 598 1004 re
617 965 690 1005 rere
709 965 903 1024 quaecunque
926 947 964 1004 de
984 945 1081 1005 Celtis
1101 957 1256 1024 comperta
1280 948 1370 1007 habe·

368 1067 445 1121 mus,
469 1067 505 1106 eo
526 1048 647 1122 ducunt,
669 1057 703 1106 ut
722 1048 899 1108 affinitatem
919 1057 999 1107 certo
1020 1047 1175 1108 Celtarum
1195 1059 1226 1108 et
1246 1049 1371 1110 Germa-

368 1169 476 1210 norum
495 1150 590 1210 fuisse
603 1169 787 1210 censeamus.
825 1150 961 1228 Utraque
980 1151 1063 1208 natio
1084 1151 1195 1212 multas
1214 1153 1246 1210 in
1267 1159 1371 1231 gentes

369 1255 501 1313 discreta
510 1251 552 1326 ²),
575 1253 683 1312 iisdem
703 1253 766 1311 fere
786 1253 922 1311 moribus
941 1251 1131 1329 publicisque
1151 1254 1300 1314 institutis
1320 1255 1371 1312 ad·

369 1356 451 1414 dicta
470 1353 572 1429 fuit2).
592 1387 630 1396 -
649 1351 852 1413 Hiillmannus
872 1354 1012 1430 speciosa
1031 1354 1149 1412 ratione
1169 1375 1278 1414 nomen
1298 1375 1371 1432 quo·

369 1476 427 1534 qne
453 1456 552 1534 gentis
576 1457 615 1514 ad
639 1456 841 1534 germanicam
859 1455 992 1514 radicem
1012 1456 1135 1516 reduxit
1148 1456 1184 1532 ⁴).
1209 1490 1247 1500 -
1271 1455 1371 1530 Quum

369 1559 477 1616 deinde
503 1558 626 1616 nomina
649 1558 773 1635 propria
796 1557 933 1616 locorum
957 1577 1212 1637 personarumque
1236 1577 1371 1636 perscru-

369 1669 450 1719 tatus
470 1667 560 1732 esset,
580 1658 720 1717 affinitati
739 1659 864 1718 celticae
884 1668 914 1718 et
933 1661 1123 1737 germanicae
1145 1662 1265 1740 linguae
1285 1679 1371 1720 suum

370 1781 489 1838 qnoque
510 1761 659 1820 calculum
679 1760 834 1837 adjecit5).

447 1863 597 1940 Equidem
627 1871 657 1921 et
685 1863 751 1939 ipae
780 1863 851 1922 huic
881 1863 1050 1923 sententiae
1073 1864 1210 1924 addictus
1234 1871 1369 1922 naturam

370 1966 521 2022 internam
541 1965 665 2023 celticae
689 1964 812 2042 linguae
831 1965 895 2024 ulla
919 1985 958 2025 ex
980 1974 1066 2042 parte
1091 1967 1156 2024 erui
1180 1984 1271 2043 posse
1294 1983 1368 2042 nego

372 2085 467 2143 eaque
487 2066 635 2126 elementa
653 2067 775 2144 linguae
795 2067 1050 2146 franco-gallicae,
1070 2085 1146 2142 quae
1160 2067 1251 2143 vulgo
1267 2068 1374 2126 celtica

371 2169 521 2242 dicuntur,
541 2187 580 2227 ex
599 2169 771 2247 germanico
791 2169 874 2229 fonte
893 2168 1056 2247 repetenda
1075 2185 1142 2228 esse
1162 2186 1269 2226 censeo
1280 2168 1316 2244 ⁶).

448 2270 609 2346 Reliquum
633 2280 694 2344 est,
723 2281 757 2330 ut
785 2273 817 2330 in
842 2272 1020 2331 sententiam
1045 2289 1149 2329 eorum
1178 2271 1374 2347 inquiramus,

371 2373 424 2449 qui
453 2391 492 2430 ex
515 2391 576 2429 nna
603 2371 692 2430 latini
719 2374 868 2433 sermonis
896 2374 990 2450 stirpe
1019 2373 1288 2450 franco-gallicam
1316 2375 1374 2432 lin·

372 2493 461 2552 guam
482 2474 626 2532 derivant.
670 2475 770 2552 Atque
796 2485 934 2535 auctores
959 2477 1049 2552 hujus
1075 2476 1240 2534 sententiae
1260 2494 1309 2535 res
1329 2477 1373 2553 ip-

372 2594 422 2635 sas
442 2575 598 2652 paululum
616 2576 795 2653 detorquere
815 2578 890 2635 mihi
908 2577 1057 2636 videntur.
1092 2577 1172 2636 Nam
1189 2579 1248 2638 etsi
1265 2579 1374 2654 proba-

371 2678 434 2735 bile
457 2686 503 2735 est
522 2685 631 2752 pacata
652 2678 684 2734 in
705 2676 809 2736 Gallia
827 2697 983 2737 romanam
1003 2678 1139 2755 linguam
1159 2680 1212 2736 din
1231 2679 1375 2738 nutritam

372 2798 454 2851 esse,
474 2778 532 2837 etsi
552 2778 683 2836 Romani
702 2788 870 2858 propagata
888 2780 1025 2856 ipsorum
1044 2779 1151 2858 lingua
1173 2781 1375 2856 subjectarum

372 2881 506 2957 gentium
530 2880 681 2940 libertatis
705 2883 876 2958 pertinaces
901 2882 1020 2940 animos
1044 2883 1141 2962 magis
1166 2883 1289 2942 domare
1315 2891 1376 2940 stu-

424 3142 444 3194 1)
458 3140 526 3182 ilenri
536 3141 622 3192 llartln,
634 3143 689 3182 ibid.
700 3142 718 3181 l.
730 3153 752 3192 p.
759 3142 799 3182 12:
813 3143 856 3183 Len
870 3141 950 3194 lberam
964 3141 1045 3182 arrirds
1059 3141 1173 3193 pent-dtre
1187 3155 1213 3184 en
1224 3146 1325 3198 Espagna
1338 3157 1378 3196 pur

371 3209 523 3261 inaequalia
536 3221 560 3250 se
573 3211 695 3250 rattncbent
707 3207 823 3260 peut-stre
836 3211 899 3260 polnt
912 3208 957 3250 dle
970 3211 1049 3260 grande
1062 3209 1144 3251 familie
1157 3211 1377 3263 indo-germaniqum

371 3280 420 3318 leur
431 3280 521 3330 langnge
534 3281 568 3318 u’a
580 3277 646 3319 laissi
660 3279 687 3318 ds
700 3279 793 3330 vestiges
811 3289 853 3330 qne
866 3279 920 3320 dnus
936 3279 957 3320 le
971 3277 1064 3320 dialecto
1077 3277 1207 3320 tris-sitiri
1224 3281 1263 3320 des
1272 3281 1379 3332 linquar,

372 3350 395 3385 et
408 3347 462 3386 dans
475 3347 507 3386 las
520 3344 695 3388 denominatione
708 3345 888 3398 geograpniquer.

424 3411 446 3500 i)
460 3445 562 3498 missum
575 3445 682 3498 araim
697 3445 817 3498 auratac,
829 3447 857 3487 11.
869 3459 891 3497 p.
903 3447 959 3498 aaa
978 3449 1083 3500 ronnas
1095 3448 1122 3489 11.
1136 3459 1155 3489 ο.
1168 3447 1201 3488 rr.

424 3549 446 3601 ³)
459 3548 528 3590 llenri
540 3548 626 3599 liar-tiu,
639 3549 696 3590 ilict.
709 3548 736 3588 de
750 3548 841 3600 France,
857 3549 874 3588 l.
886 3560 908 3600 p.
921 3551 954 3590 11.
966 3561 1026 3602 seqq.

423 3650 445 3702 4)
453 3651 589 3698 ,Nominibus
597 3650 655 3690 enim
670 3650 737 3699 ,(1οιιι
751 3649 851 3702 (dunum)
864 3654 886 3691 et
895 3651 922 3690 ak
934 3649 1018 3702 (abrai)
1031 3651 1095 3691 sedes
1105 3661 1156 3692 suas
1165 3662 1234 3703 prope
1244 3662 1311 3702 mnas
1324 3652 1377 3691 sitas

373 3719 486 3770 designare
503 3729 542 3759 eos
555 3718 632 3758 solitos
646 3728 705 3769 aare,
718 3718 769 3758 inde
784 3717 918 3768 „lieu-don·
930 3731 947 3756 =
958 3719 1031 3758 sedem
1046 3718 1110 3768 juxta
1123 3720 1203 3760 claram
1216 3730 1292 3770 aquam
1307 3719 1378 3764 sitam,

373 3788 515 3837 significasse,
528 3785 958 3836 quamvoeamta„1(eldou“muniisse,
971 3786 1027 3825 unde
1042 3773 1161 3827 »Κελταμ
1176 3793 1240 3837 atqua
1255 3783 1376 3833 „iinadon‘

372 3863 490 3904 mnusque
500 3865 527 3894 ax
535 3855 657 3902 posteriora
666 3855 754 3894 nomine
770 3853 991 3904 „Kaletensslnlatan
999 3852 1108 3894 :Gallanl
1119 3853 1264 3895 descendisse.
1277 3869 1301 3878 —-
1314 3846 1380 3902 ein.

373 3931 448 3972 mann,
460 3919 517 3976 etn.
529 3926 591 3972 rinm-
604 3919 663 3970 tciri.
676 3918 711 3964 ct.
725 3923 744 3964 t·
758 3921 801 3966 trit.
814 3932 876 3974 prim.
890 3920 982 3974 molluit
994 3933 1016 3971 p.
1029 3922 1074 3962 ili.

424 4021 445 4073 ⁵)
459 4018 589 4077 &idmona
601 4018 657 4078 did·
670 4026 732 4074 etan·
745 4021 782 4075 m,
796 4022 872 4070 aerrltu
885 4024 942 4066 lits.
962 4036 984 4076 p.
998 4025 1037 4065 189

421 4122 443 4174 6)
457 4121 519 4164 Ocni.
531 4134 553 4173 p.
568 4122 599 4162 1⁵.
