3114 5194
576 579 842 668 ξω...

313 753 379 809 geu.
511 747 660 806 tantumn
712 749 835 796 suc-unt.
911 747 1008 806 trassu'.

287 1568 395 1626 Latior
415 1576 460 1627 est
484 1569 719 1645 compositorum
744 1567 975 1627 consonantium
994 1564 1094 1622 ruina:
1125 1583 1216 1641 quum

213 1687 252 1729 ex
279 1671 416 1747 pluribus
448 1669 611 1729 teutonicis
640 1669 877 1729 consonantibus
907 1687 944 1725 eo
976 1674 1106 1738 tantum,
1140 1685 1216 1743 quae

211 1773 375 1830 acutiorem
402 1789 510 1830 sonum
534 1771 659 1844 efficiat,
684 1779 898 1844 conservatum
921 1769 965 1828 sic
989 1787 1028 1828 ex
1047 1785 1215 1826 consonan-

211 1873 292 1934 tibus
319 1873 381 1948 „ts
400 1874 449 1948 pj,
474 1872 526 1946 dj“
550 1890 629 1932 unus
654 1890 748 1931 sonus
773 1872 799 1947 (j
826 1872 890 1931 sive
915 1870 952 1949 g)
978 1877 1131 1963 superstes
1155 1877 1214 1928 est:

210 1975 309 2048 laubjo
326 1998 360 2024 =
375 1975 461 2032 lauba
481 1999 515 2024 τ.-
534 1965 605 2050 lopo,
623 1975 796 2049 po-uadjon
815 1999 850 2024 =
869 1991 1005 2048 upapam
1025 1991 1064 2030 ex
1083 1971 1165 2046 „nd“
1186 1979 1216 2028 et

211 2075 307 2151 „ndr“
327 2095 388 2134 una
400 2093 572 2134 consonans
592 2074 666 2150 „n“;
686 2075 796 2134 drcndr
815 2099 849 2125 =
866 2076 948 2132 drot.
981 2071 1116 2150 Syllabis
1136 2072 1215 2148 „scl“

179 2251 181 2260 Ι
211 2187 242 2236 et
261 2176 343 2254 „rtr“
366 2178 543 2256 praefigitur
562 2177 678 2236 vocalis
699 2178 767 2252 „a“‚
791 2197 830 2236 ne
850 2177 953 2256 aliqua
972 2193 1142 2235 consonans
1162 2175 1216 2254 eJ'i·

212 2281 322 2351 ciatur3
342 2299 401 2357 qua
420 2279 552 2356 eleganti
572 2287 602 2336 et
621 2278 771 2355 frequenti
791 2281 909 2338 ratione
928 2297 984 2337 nec
1003 2278 1115 2336 radicis
1129 2277 1216 2353 origo

213 2382 400 2454 obscuratur,
419 2399 476 2440 nec
493 2380 652 2440 harmonia
670 2380 813 2440 laeditur:
833 2383 878 2442 sic
898 2401 936 2441 ex
956 2382 1033 2441 sclao
1050 2405 1084 2430 =
1102 2379 1218 2449 erolum,

213 2502 251 2544 ex
271 2486 373 2544 strand
391 2507 425 2534 =
445 2486 538 2542 ductu
557 2491 612 2542 etc.

289 2585 348 2645 His
369 2603 408 2644 ex
427 2585 644 2644 mutationibus
664 2585 817 2644 teutonica
836 2587 943 2660 verbs,
966 2605 1043 2664 quae
1067 2584 1147 2644 infra
1166 2581 1217 2642 ad·

125 2701 127 2718 '
207 2689 318 2765 jecturi
338 2705 451 2760 snmus,
471 2688 584 2764 optime
604 2687 801 2764 explicantur.

288 2791 338 2848 Ex
361 2791 466 2849 tabula
489 2809 581 2866 supra
604 2790 755 2866 descripta
779 2800 905 2868 appsret
928 2792 1149 2850 teutonicorum
1170 2808 1217 2848 so·

213 2911 320 2950 norum
339 2893 544 2969 integritatem
564 2891 659 2950 multo
679 2892 790 2968 magis,
810 2911 899 2969 quam
919 2893 1082 2952 latinorum
1098 2909 1218 2950 conser-

212 3004 313 3053 vatam
338 3013 414 3054 esse.
460 2991 540 3052 Nam
564 2993 635 3051 dum
658 2993 771 3051 latinae
794 2995 916 3054 vocales
945 2995 1110 3072 permultas
1135 2994 1217 3051 vices

216 3097 435 3169 sustinuerunt,
463 3104 493 3154 et
517 3095 651 3173 aspirata
676 3095 734 3171 „W
755 3096 919 3170 obmutuit,
943 3097 1047 3155 eadem
1072 3096 1219 3153 elementa

215 3197 368 3254 teutonica
392 3198 510 3274 integra
538 3207 722 3258 manserunt.
766 3197 877 3256 Nonne
906 3199 981 3256 haec
1010 3216 1059 3256 res
1084 3197 1219 3256 testimo-

213 3299 297 3356 nium
318 3306 365 3357 est
383 3317 488 3375 puram
502 3301 685 3358 teutonicam
698 3299 979 3376 pronunciationem
998 3299 1045 3358 vel
1062 3303 1152 3374 juxta
1170 3298 1220 3356 vel

213 3401 294 3460 intra
313 3401 578 3480 franco-gallicam
598 3401 825 3478 perseverasse?
844 3433 882 3444 -
907 3400 1006 3475 Quum
1027 3401 1107 3460 enim
1126 3400 1221 3457 latina

212 3503 424 3579 pronunciatio
438 3505 539 3563 madio
553 3522 628 3562 aero
644 3501 735 3562 nimis
750 3511 867 3562 remota
879 3504 979 3577 fuerit,
998 3519 1143 3580 praesens
1156 3509 1219 3560 teu·

212 3603 316 3663 tonica
334 3605 545 3682 pronunciatio
568 3605 694 3664 multum
713 3623 775 3663 non
793 3606 894 3666 valere
914 3625 976 3665 non
995 3605 1102 3684 potuit.
1123 3635 1161 3646 -—
1184 3603 1221 3662 Id

212 3725 285 3764 vero
296 3705 427 3764 maxime
437 3707 613 3766 affinitatem
623 3706 793 3765 teutonicae
804 3716 835 3765 et
843 3708 1089 3786 franco-gallicae
1099 3706 1220 3782 linguae

212 3809 332 3884 probat,
353 3809 433 3886 quod
448 3809 516 3885 ipsa
527 3809 681 3868 teutonica
694 3809 841 3868 elementa
853 3809 1082 3888 franco-gallico
1097 3808 1219 3886 ingenio

214 3911 440 3970 accommodata
449 3919 528 3970 sunt.
536 3943 575 3954 -
586 3909 703 3984 Quodsi
714 3911 860 3970 historica
868 3930 918 3970 ars
929 3911 1133 3988 grammatica,
1144 3929 1220 3986 qnae

217 4011 418 4084 cognitionem
429 4011 676 4090 franco-gallicae
688 4012 809 4089 linguae
821 4013 948 4090 aperuit,
961 4013 1057 4092 magis
1070 4013 1146 4070 hanc
1157 4028 1220 4068 rem

215 4115 393 4188 respexerit,
412 4116 507 4176 multa
527 4115 624 4175 adbuc
645 4113 774 4174 obscura
793 4115 825 4174 iu
844 4115 941 4176 lucem
960 4115 1158 4192 proferentur.
