3114 5194
575 583 837 649 .....9.-.-

203 752 299 817 eciem
326 751 385 829 „edi
413 759 612 813 transmutata
635 761 693 812 est:
727 754 772 812 sic
798 755 871 812 atter
893 777 927 804 =
947 765 1043 826 autre,
1070 754 1154 815 tedas
1173 779 1206 808 ε.-

206 859 291 926 beau,
311 857 469 915 mantellum
489 883 523 914 =.
545 866 692 926 manteau,
710 857 838 932 psalmas
857 882 891 908 ε
909 875 1042 932 psaaraa,
1065 859 1209 918 martellus

202 984 238 1012 =
257 969 386 1017 masau
406 966 462 1018 etc.
482 991 520 1002 -
550 955 900 1018 Contractione-transit
923 961 1033 1018 trahere
1057 961 1090 1019 in
1110 965 1208 1032 tratre,

199 1065 300 1137 secere
319 1061 352 1119 in
366 1063 462 1136 satra,
485 1061 599 1136 placare
619 1061 651 1118 in
668 1061 777 1136 plectra,
795 1071 895 1119 tacere
914 1061 946 1119 in
967 1066 1052 1133 taire,
1071 1066 1156 1138 sacae
1176 1065 1208 1122 in

197 1168 264 1240 seu,
281 1164 365 1237 jocus
389 1165 421 1222 in
434 1165 502 1238 jeu,
524 1163 607 1239 pellis
631 1163 663 1220 in
679 1181 771 1238 pecu,
794 1164 915 1238 populeas
939 1165 971 1222 in
990 1166 1100 1240 peaple.
1142 1165 1208 1226 Nec

203 1267 324 1326 diversa
352 1266 389 1324 ds
416 1285 508 1325 causa
537 1272 688 1324 extremae
717 1265 781 1323 iere
811 1265 946 1342 syllabae
973 1273 1060 1325 acuto
1086 1275 1211 1328 accentu

203 1369 406 1445 proferuntur,
427 1367 570 1444 quoniam
589 1366 638 1425 hic
657 1367 746 1426 radix
765 1366 850 1424 verbi
870 1367 965 1426 latere
985 1367 1072 1428 solet.

282 1471 331 1528 De
354 1470 545 1546 antiquorum
564 1476 733 1545 temporum
758 1469 1010 1546 pronunciatione
1030 1490 1210 1548 quamquam

205 1591 267 1630 non
296 1571 363 1630 sine
391 1589 507 1629 summa
541 1569 719 1630 difficultate
748 1571 823 1629 certi
857 1571 972 1647 aliquid
1002 1573 1067 1630 erui
1101 1581 1211 1649 potest,

205 1673 316 1732 lacobi
331 1671 473 1731 Grimmii
493 1679 594 1730 tamen
608 1672 768 1749 sagacitati
788 1673 951 1752 perfectam
971 1675 1211 1752 germanicorum

205 1793 348 1834 sonorum
371 1774 576 1851 cognitionem
602 1773 754 1833 debemus.
799 1775 875 1834 Mihi
896 1776 1017 1852 quidem
1042 1779 1211 1836 accuratius

205 1875 348 1936 Grimmii
377 1875 604 1952 grammaticam
634 1876 776 1934 tractanti
806 1876 1060 1955 franco-gallicas
1090 1879 1211 1938 vocales

206 1977 379 2054 analogiam
408 1976 598 2054 gothicarum
628 1985 659 2036 et
678 1969 830 2054 antiqno·
843 1979 1062 2057 teutonicarum
1092 1989 1211 2040 secutas

208 2097 275 2140 esse
298 2077 444 2156 persuasi.
492 2079 593 2154 Atque
624 2065 917 2156 antiquo-teutonica
947 2081 1052 2160 lingua
1085 2085 1210 2142 eandem

207 2201 295 2258 quarn
325 2179 564 2257 franco-gallica
592 2181 742 2240 rationem
767 2181 805 2238 ad
835 2183 973 2259 gothicas
998 2184 1112 2243 formas
1132 2186 1211 2244 tueri

205 2284 335 2342 videtur.

282 2383 407 2444 Venalis
427 2382 498 2459 „a“‚
519 2401 595 2460 quae
613 2384 777 2460 purissimo
793 2395 1013 2460 succensetur,
1034 2388 1211 2464 saepissime

204 2487 333 2546 infracta
346 2485 441 2559 est1):
462 2486 507 2544 sic
521 2503 560 2543 ex
580 2487 642 2557 „a“
656 2495 740 2544 ortae
754 2495 837 2546 sunt:
857 2490 930 2560 „ai“
943 2515 977 2539 =
991 2489 1063 2561 „d“‚
1076 2493 1134 2562 „a“
1154 2499 1209 2549 ete.

205 2598 238 2648 ut
257 2607 357 2648 amare
373 2613 407 2639 =
421 2591 520 2658 alata,
535 2588 672 2663 pleraque
691 2613 725 2638 =
734 2590 880 2664 plaiades,
900 2591 1022 2648 uaeas
1041 2615 1075 2640 =
1088 2592 1209 2667 auat).

204 2667 381 2764 —Quodsi
402 2689 610 2766 Franco-galli
635 2690 770 2748 vocalem
795 2690 846 2766 „t“
872 2692 1007 2768 syllabae
1028 2693 1109 2767 „asu
1133 2713 1212 2753 nuno

206 2793 410 2867 supprimunt,
439 2791 535 2850 radici
559 2790 721 2850 verborum
746 2793 997 2870 appropinquant.
1043 2795 1211 2873 Menagius‚

206 2900 306 2950 utrum
330 2892 432 2968 „agui
452 2911 490 2950 an
511 2891 619 2966 „uipu“
643 2892 837 2951 scribendum
857 2895 911 2967 sit,
936 2897 1072 2956 certavit.
1111 2899 1211 2975 Atque

205 2995 307 3054 Marot
318 2993 490 3070 promiscue
504 2993 627 3070 scripsit
641 3000 672 3051 et
691 2991 751 3067 „a“
772 3002 802 3053 et
815 2995 896 3071 „at“‚
917 3017 993 3074 quae
1006 2999 1211 3078 diphthongus

206 3114 286 3154 nunc
299 3113 405 3154 sonum
424 3094 486 3170 „d“
503 3095 569 3154 sive
587 3094 643 3172 „e“
663 3093 790 3174 excepta
803 3099 922 3176 syllaba
935 3101 1016 3176 „atl‘
1036 3111 1153 3179 aequat.
1173 3135 1212 3146 -

284 3195 468 3258 Germanica
496 3215 588 3273 porro
614 3217 653 3256 ex
681 3198 787 3276 lingua
809 3203 1005 3280 repetendum
1030 3212 1090 3276 est,
1121 3204 1148 3264 si
1173 3225 1211 3266 ex

205 3300 306 3359 vocali
326 3298 387 3374 „a“
408 3298 579 3357 accedente·
593 3299 646 3373 „t“
670 3299 705 3358 fit
724 3299 834 3376 „e“³);
861 3303 932 3377 „ai“
954 3307 1017 3380 jam
1037 3306 1160 3384 gothica
1180 3308 1211 3366 in

204 3403 310 3480 lingua
322 3419 430 3461 sonum
449 3399 504 3476 „e“
521 3401 625 3460 hahet:
650 3399 792 3479 Ulphilas
806 3405 886 3462 enim
900 3405 1088 3486 diphthongo
1109 3407 1211 3485 „at“4)

205 3505 300 3562 utitur
311 3503 380 3562 loco
394 3503 510 3562 vocalis
528 3502 584 3578 „s“
604 3505 759 3564 nominum
772 3509 978 3584 propriorum3
998 3527 1057 3587 qua
1070 3512 1108 3569 de
1121 3529 1213 3572 causa

207 3605 284 3660 saihs
307 3612 337 3661 et
360 3588 459 3664 taihun
487 3606 519 3664 in
547 3606 847 3682 antiquo-teutonica
872 3610 977 3688 lingua
999 3620 1156 3672 transeunt
1179 3615 1210 3672 in

206 3704 269 3766 soles
293 3711 323 3762 et
342 3704 435 3763 ‘eihan
482 3705 526 3765 Ut
551 3707 802 3786 franco-gallica
830 3711 1035 3790 diphthongus
1065 3714 1136 3788 „at“
1163 3733 1227 3794 so-¹

256 3933 277 3986 1)
290 3935 336 3974 Jne.
349 3933 440 3984 Grimm,
453 3935 557 3976 deutsche
571 3935 712 3988 Grammatlk,
724 3937 742 3978 1.
754 3947 775 3988 p.
788 3937 820 3978 tt.

257 4003 278 4053 s)
291 4004 344 4042 rura.
357 4003 374 4043 1.
386 4015 408 4053 p.
421 4003 453 4044 aa.

217 4089 220 4096 ·
258 4067 279 4118 t)
289 4069 344 4110 suia
356 4071 373 4110 1.
385 4083 408 4120 p.
419 4071 453 4113 lo.

258 4135 279 4188 a)
293 4137 346 4176 rura
358 4139 375 4178 n
387 4150 409 4188 p.
421 4140 454 4180 sa.
