3114 5194
481 865 519 924 tta
537 863 702 938 garmantata
720 863 865 923 alcmantta
882 863 912 922 ta
930 861 1045 922 tlalttaar
1061 863 1220 922 translatis.

428 971 525 1030 Multa
549 972 677 1050 denique
702 972 874 1049 germanica
892 969 1041 1029 vocabula
1060 970 1092 1028 in
1111 970 1216 1049 lingua
1240 969 1356 1029 franco·

350 1073 462 1152 gallioa
480 1073 683 1151 reperiuntur,
709 1093 784 1151 quae
809 1091 848 1132 ex
867 1073 935 1150 ipsa
955 1067 1121 1130 Germania
1140 1073 1257 1132 duobus
1282 1079 1355 1130 tem-

349 1175 476 1252 poribus
506 1177 700 1252 irrepserunt.
750 1175 973 1252 Antiquissima
1002 1173 1081 1232 enim
1112 1175 1265 1234 teutonica
1295 1195 1357 1232 una

350 1295 418 1336 cum
438 1278 619 1354 germanicis
640 1277 780 1356 gentibus
801 1295 836 1334 eo
857 1285 1007 1354 tempore,
1032 1291 1091 1355 quo
1114 1278 1219 1356 lingua
1238 1277 1355 1335 franco·

349 1379 461 1458 gallica
485 1379 652 1453 ebullabat,
682 1379 938 1456 immigraverunt.
984 1377 1069 1454 Quae
1095 1379 1196 1438 omnia
1223 1378 1287 1436 fere
1317 1398 1356 1436 ex

350 1481 473 1559 gothica
496 1489 526 1539 ct
549 1481 841 1559 antiquo-teutonica
859 1479 964 1559 lingua
983 1482 1119 1558 profecta
1138 1489 1216 1540 sunt.
1235 1513 1273 1524 -
1292 1479 1355 1538 Po·

351 1592 417 1642 stea
440 1602 513 1642 vero
536 1582 705 1642 Normanni
730 1601 810 1642 nova
834 1583 982 1641 elementa
1005 1599 1044 1640 ex
1069 1579 1356 1659 septentrionalibus

351 1682 534 1744 Germaniae
564 1683 701 1745 dialectis
732 1685 868 1763 profecta
900 1683 1077 1754 intulerunt;
1111 1683 1240 1755 accedit,
1275 1683 1355 1760 quod

349 1786 511 1864 pleraeque
540 1787 657 1846 radices
685 1788 804 1864 <amplas
834 1786 1037 1845 derivatorum
1062 1793 1092 1844 et
1119 1785 1355 1862 compositorum

348 1888 510 1947 vorborum
530 1889 662 1948 familias
680 1895 928 1966 procreaverunt3
953 1886 985 1946 in
1005 1887 1155 1965 glossario
1176 1895 1275 1945 autem
1295 1886 1355 1963 pri-

348 1991 456 2052 mitiva
474 1991 597 2050 laudare
617 1991 692 2051 satis
710 1989 882 2048 habuimus.

426 2092 663 2152 Teutonicorum
673 2092 835 2150 verborum
849 2091 989 2170 egregius
1002 2091 1090 2170 vigor
1103 2091 1229 2150 multum
1243 2091 1357 2151 discre-

349 2203 402 2273 pat
422 2196 460 2254 ab
480 2195 590 2254 inertia
607 2193 768 2252 verborum
788 2194 955 2253 alienorum
974 2193 1149 2254 novissimis
1169 2195 1356 2271 temporibus

350 2307 553 2375 acceptorum3
571 2296 650 2354 unde
664 2297 764 2373 quivis
782 2296 952 2374 intelligere
965 2305 1067 2374 potest
1079 2297 1252 2374 germanica
1263 2296 1357 2355 verba

346 2403 410 2474 jam
430 2407 520 2456 antea
542 2399 573 2455 in
594 2397 699 2475 lingua
718 2398 957 2476 franco-gallica
975 2399 1070 2459 fuisse
1089 2397 1256 2476 formisque
1270 2415 1355 2457 suam

348 2511 452 2559 notam
472 2501 663 2576 impressisse
674 2500 709 2575 ¹).
757 2499 843 2558 Haeo
867 2501 947 2558 enim
972 2521 1033 2560 non
1058 2503 1148 2561 modo
1167 2519 1239 2559 raro
1259 2516 1354 2558 novas

349 2603 559 2679 derivatasque
579 2602 692 2660 formas
713 2603 867 2675 emittunt,
892 2603 1056 2662 sedetiam
1080 2603 1223 2682 pleraque
1244 2621 1282 2660 ex
1301 2602 1358 2659 ho·

349 2679 436 2764 inesto
466 2723 557 2763 sensu
591 2705 623 2761 in
658 2705 823 2782 ignobilem
856 2713 887 2763 et
918 2707 1071 2766 sordidam
1105 2705 1354 2784 significationem

349 2809 469 2865 detorta
496 2815 574 2864 suut.
599 2837 637 2848 -
662 2804 851 2884 Quamquam
880 2808 958 2868 hanc
986 2809 1128 2885 injuriam
1159 2826 1263 2865 omnes
1292 2805 1354 2863 fere

348 2908 470 2985 linguae
491 2908 599 2966 alienis
619 2908 721 2967 verbis
741 2907 883 2982 inferunt,
904 2911 948 2969 sic
968 2911 1134 2970 teutonicas
1148 2907 1242 2987 bert,
1262 2905 1354 2985 tipus,

348 3009 437 3085 laub,
458 3007 569 3082 lblunb,
589 3008 654 3086 ilici
678 3011 756 3069 hano
778 3011 811 3068 in
831 3012 1012 3070 deteriorem
1033 3013 1284 3089 significationem
1304 3010 1354 3067 de·
1435 3067 1439 3078 ,

349 3112 429 3170 flexa
452 3120 534 3172 suut:
563 3131 602 3169 uo
624 3129 735 3186 pauore
758 3111 835 3184 lire,
854 3115 936 3188 scire
961 3113 990 3171 la
1014 3113 1103 3189 lippe,
1129 3113 1215 3171 laude
1237 3117 1355 3188 matqre,

343 3219 426 3290 scira
445 3216 475 3273 lo
494 3233 583 3286 moue,
602 3234 656 3272 uae
674 3214 763 3272 alcide
781 3231 865 3273 rosae.

427 3315 462 3376 Si
482 3318 550 3395 quis
570 3318 742 3395 germanica
760 3318 909 3377 vocabula
927 3317 1165 3395 perlustraverit,
1185 3337 1245 3377 non
1265 3319 1355 3376 modo

349 3420 588 3499 suppellectilem
602 3419 701 3476 omnis
715 3420 845 3494 generis,
865 3419 1022 3478 sedetiam
1035 3419 1205 3497 voluptates
1220 3421 1355 3479 dolores-

349 3543 422 3601 que,
455 3539 560 3581 omnes
589 3517 719 3597 denique
748 3521 942 3596 quotidianae
972 3522 1051 3580 vitae
1084 3524 1273 3582 conditiones
1303 3540 1354 3578 ex-

348 3641 470 3700 pressas
490 3621 614 3681 videbit.
658 3625 687 3680 A
711 3621 816 3698 latinis
841 3623 983 3682 differunt
1006 3621 1147 3700 populari
1172 3625 1300 3704 quadam
1325 3633 1356 3681 et

348 3725 421 3784 forti
441 3725 556 3784 naturis.
590 3723 661 3783 Jam
682 3739 720 3782 ex
739 3724 788 3783 his
802 3725 903 3784 verbis
924 3725 1125 3803 germanicam
1145 3726 1279 3805 linguam
1293 3725 1355 3781 ncu

347 3846 471 3902 parvam
490 3828 552 3886 vim
578 3828 616 3885 ad
640 3827 894 3904 franco-gallicas
918 3827 1032 3886 formas
1056 3827 1246 3886 excudendas
1271 3841 1356 3882 exer-

347 3926 448 3986 cuisse
468 3925 573 4004 colligi
591 3935 701 4003 potest

398 4155 418 4208 1>
431 4153 492 4208 miras
505 4153 546 4202 tta
560 4153 579 4200 l·
592 4153 657 4201 blau·
671 4151 734 4208 &aaa
745 4153 774 4196 Π.
786 4163 809 4206 p.
821 4155 867 4198 828.
