3114 5194
591 585 858 654 „29-

295 752 363 816 Neo
382 773 493 834 parvus
513 773 655 816 numerus
673 756 834 814 verborum
855 775 894 814 ex
910 755 1072 833 participio
1085 773 1225 832 praesen-

220 859 261 917 tis
282 867 312 917 et
330 859 487 936 praeteriti
507 858 654 936 temporis
674 857 798 935 fingitur
809 857 843 933 ¹).

297 961 517 1039 Frequentiora
529 969 630 1019 tamen
643 961 792 1020 vocabula
809 968 880 1019 suut
892 977 931 1018 ex
945 959 1124 1037 imperativo
1138 968 1227 1038 atque

219 1065 372 1141 praesenti
391 1072 527 1140 tempore
541 1064 681 1136 deducta,
707 1081 782 1140 quae
803 1063 944 1141 analogia
966 1063 1110 1123 similium
1130 1070 1227 1120 teuto-

218 1167 355 1224 nicorum
369 1167 575 1242 exemplorum
587 1173 688 1224 tuetur
698 1164 733 1240 ²).
766 1165 835 1223 Hoc
855 1167 886 1223 in
905 1165 1103 1224 derivationis
1117 1183 1227 1242 genere

220 1285 309 1344 saepe
330 1268 502 1344 imperativi
516 1268 643 1326 duorum
667 1267 829 1326 verborum
843 1267 1031 1344 copulantur,
1051 1275 1098 1324 ut:
1122 1267 1226 1340 ajou-

213 1370 266 1443 joa
287 1369 321 1445 (i.
336 1389 361 1428 e.
378 1367 559 1446 joue-joue)‚
579 1370 604 1426 la
621 1387 813 1444 pocae-passe,
833 1370 858 1427 le
877 1370 1080 1444 ebantepleare,
1100 1377 1152 1426 eut
1171 1369 1226 1426 im·

217 1472 371 1549 perativus
387 1472 436 1531 vel
455 1471 630 1549 plerumque
645 1489 789 1548 praesens
808 1480 926 1548 tempus
950 1489 1017 1529 cum
1038 1471 1227 1530 substantivo

219 1575 412 1652 conjungitur
421 1573 457 1649 ³).
486 1574 633 1632 Extrema
641 1573 717 1632 haec
726 1573 868 1632 formatio
882 1574 1029 1632 latissime
1043 1573 1075 1630 in
1089 1591 1227 1632 sermone

220 1675 338 1752 vulgari
358 1685 455 1752 patet,
480 1688 569 1756 atque
589 1697 678 1735 unam
695 1679 808 1751 justam
829 1675 1059 1752 compositionis
1078 1676 1227 1734 rationem
1280 1735 1293 1758 ⁰

219 1777 475 1855 franco-gallicae
494 1780 616 1858 linguae
637 1779 738 1836 efficit.
758 1809 796 1820 -
819 1777 925 1855 Itaque
944 1777 976 1836 in
996 1778 1115 1855 vulgari
1135 1777 1228 1835 collo·

220 1881 292 1956 quio
305 1880 400 1937 verba
418 1881 475 1939 hac
495 1882 612 1938 ratione
629 1881 700 1938 ficta
717 1879 898 1938 creberrime
912 1880 1011 1937 audiri
1025 1887 1162 1956 possunt,
1183 1887 1227 1937 ut:

222 1981 429 2056 bruile-quem,
446 1993 683 2058 pocae-parmai,
702 1983 909 2058 porte-seoille,
930 1983 1140 2052 tire-bourboa,
1160 1985 1227 2039 tire·

221 2083 301 2152 botre,
321 2085 491 2160 coepe-ibic,
511 2087 699 2160 porte-diam·
723 2094 778 2144 etc.
802 2119 841 2128 —
864 2085 913 2146 Ne
933 2085 1086 2145 scribendi
1106 2083 1227 2161 quidem

221 2185 372 2262 elegantia
391 2187 446 2246 has
466 2187 579 2246 formas
599 2189 725 2264 respuit.

297 2287 441 2348 Rariores
466 2297 536 2348 sunt
558 2289 755 2349 formationes
779 2291 867 2367 huJus
892 2291 1025 2368 generis:
1050 2287 1226 2348 callista-ra·

222 2399 291 2460 sata,
311 2391 507 2462 boote-rimis,
528 2395 725 2468 supe-semme.

316 2575 353 2635 ile
371 2576 589 2638 damnationibus
607 2576 782 2649 ahimotlone
800 2577 970 2651 simiarum
987 2576 1126 2640 iornnhs.

295 2700 397 2761 Verba
430 2713 460 2762 et
492 2704 636 2780 praefixis
670 2712 700 2761 et
732 2702 850 2762 suffixis
884 2704 1011 2780 syllabis
1044 2702 1227 2762 derivantur.

219 2799 475 2880 Franco-gallica
498 2805 603 2882 lingua
628 2823 733 2864 omnes
758 2807 821 2863 fere
844 2806 955 2864 latinas
980 2804 1113 2881 syllabas
1138 2803 1227 2879 hujus

219 2903 340 2981 generis
361 2913 497 2963 mutuata
516 2906 632 2984 largam
653 2926 780 2966 messem
801 2909 1021 2966 teutonicarum
1042 2907 1160 2982 adjecit.

295 3009 396 3084 Atque
405 2991 649 3086 frequentissima
658 3009 777 3086 syllaba
785 3011 921 3086 praefixa
930 3019 977 3068 est
986 3010 1085 3083 „miaa“
1095 3033 1129 3059 =
1140 3007 1227 3082 „mee“

220 3130 253 3156 =
274 3109 356 3180 „roffi
376 3117 422 3168 uti
452 3111 639 3170 maeoaoaitra
660 3109 874 3188 (bibienam),
898 3114 1017 3187 mtpriae
1037 3108 1227 3189 (illifigt't'ffb

219 3211 325 3284 mebris
338 3207 574 3292 (biterbium),
594 3215 755 3272 memiana
768 3209 989 3291 (illifiglattbe).
1004 3245 1042 3256 -
1061 3211 1164 3270 Etiam
1183 3211 1227 3268 la-

218 3312 279 3372 tius
293 3322 381 3372 antea
394 3314 493 3390 patuit
510 3333 583 3374 usus
597 3316 686 3390 hujus
700 3315 846 3390 syllabae,
864 3333 954 3391 quum
969 3333 1073 3374 omnes
1086 3311 1227 3376 notiones

219 3411 289 3472 aliis
309 3415 477 3476 contrarios
497 3415 555 3475 hac
575 3417 706 3494 simplici
726 3416 777 3475 via
797 3416 965 3494 exprimere
985 3415 1126 3476 solerent.

272 3623 292 3673 l)
305 3625 367 3665 ocni.
375 3629 511 3681 Ruyuouard,
524 3630 596 3671 choix
609 3628 893 3683 sputamentorum„
907 3631 936 3674 vt
943 3632 993 3682 roh,
1006 3627 1227 3682 Penestis-1821,

221 3695 244 3729 et
256 3689 317 3742 vles,
330 3691 372 3737 Gr.
385 3695 404 3736 b·
417 3696 482 3740 biom
495 3698 550 3750 &bt-
563 3701 592 3740 ΙΙ.

271 3783 292 3835 2)
306 3795 333 3824 ex
347 3795 375 3824 c:
393 3785 537 3839 Hebe-denir,
550 3791 709 3834 chr-en-fried
722 3794 782 3846 (ehre
796 3793 837 3832 den
851 3791 951 3845 lrleden),
964 3791 1161 3842 eminadas-leid,
1174 3791 1227 3830 aelt-

220 3853 321 3901 venusio,
334 3854 467 3902 isba-recht,
480 3854 635 3911 ferehis-gen,
647 3867 771 3913 trau-gott,
784 3861 1059 3911 hehe-treu‚1ehe·uohi.

270 3945 291 3996 b)
305 3947 352 3986 lloc
365 3947 533 3997 compositionis
546 3960 614 3999 genus
623 3955 726 3994 contundi
741 3965 784 3994 nou
794 3955 917 3995 debetcum
927 3955 1015 4004 antiqua
1028 3955 1066 3994 ills
1079 3955 1170 4004 ratione,
1184 3965 1226 4004 qua

219 4021 286 4060 purae
299 4015 384 4054 radices
398 4016 579 4066 corrgtutimutur.
606 4020 669 4070 Quod
682 4033 708 4061 ne
722 4027 849 4072 statuamus,
861 4028 936 4062 monet
948 4023 997 4072 ipsa
1010 4024 1163 4073 orthographia
1177 4033 1226 4071 par·

218 4083 252 4198 te:
265 4079 342 4119 horum
355 4085 525 4132 compositorum
539 4088 654 4128 verborum
669 4091 787 4140 antiquitus
800 4091 864 4141 plene
879 4089 991 4139 divellens,
1004 4101 1061 4130 nunc
1074 4091 1154 4129 lineola
1167 4093 1225 4127 certe

218 4157 242 4187 se
253 4157 343 4198 ungens.
