3114 5194
191 1599 250 1670 De
276 1599 479 1689 elementis,
513 1601 733 1694 germanicis
759 1603 1006 1696 potissimum,
1043 1603 1191 1700 linguae

525 1735 852 1834 franco-gallicae.

188 2035 268 2169 Dc
280 2107 434 2167 elementis
446 2108 569 2187 linguae
582 2108 830 2185 franco-gallicae
848 2111 1016 2187 scripturus
1030 2129 1069 2169 ex
1083 2109 1193 2170 latiore

187 2221 218 2270 et
237 2209 409 2286 copiosiore
429 2213 681 2270 commentatione
706 2211 763 2285 „de
783 2211 901 2289 origine
919 2220 1009 2288 atque
1028 2229 1193 2288 progressu

187 2313 310 2390 linguae
335 2312 621 2391 franco-gallicae“
648 2333 685 2370 ea
707 2312 900 2390 praemittere
924 2311 1022 2386 volui,
1052 2333 1129 2390 quae
1154 2316 1193 2372 ad

189 2415 379 2490 quaestiones
399 2415 436 2473 de
457 2416 613 2474 elementis
638 2414 723 2474 illius
742 2414 865 2490 linguae
885 2414 1070 2474 dirimendas
1089 2435 1193 2476 neces-

190 2516 269 2574 sarie
289 2533 354 2574 esse
374 2518 448 2575 mihi
467 2517 651 2576 viderentur.

264 2619 362 2694 Atque
386 2620 516 2696 primum
541 2626 683 2702 nonest,
707 2635 761 2676 cur
784 2615 922 2676 ridiculis
946 2617 1192 2679 hallucinationi·

190 2719 245 2778 bns
270 2739 371 2778 eornm
395 2721 602 2792 immoremur,
628 2719 680 2795 qui
703 2719 971 2796 franco-gallicam
995 2720 1131 2797 linguam
1153 2741 1193 2782 ex

191 2819 318 2892 vascica,
337 2821 385 2880 vel
404 2821 558 2894 hebraica,
577 2821 627 2881 vel
640 2821 770 2897 denique
784 2821 907 2879 arabice
925 2821 1031 2899 lingua
1044 2823 1193 2882 deducere

189 2924 288 2980 eonati
309 2933 387 2982 sunt.

262 3023 406 3084 Pluribus
427 3024 612 3104 argumentis
626 3023 731 3102 opinio
753 3025 854 3102 graeci
874 3023 968 3084 fontis
988 3024 1046 3083 niti
1059 3024 1198 3082 videturz·

188 3143 325 3202 namque,
345 3135 376 3183 et
388 3127 537 3202 Massilia,
558 3125 718 3186 Gallorum
732 3125 871 3184 Athenae
892 3125 1070 3202 saepissime
1090 3126 1192 3200 appel·

186 3226 258 3299 lata,
279 3247 298 3284 a
311 3227 428 3304 graecis
442 3229 559 3288 colonis
580 3226 704 3286 condita
723 3235 779 3298 est,
799 3235 829 3283 et
849 3228 881 3284 in
895 3226 983 3284 bellis
997 3225 1093 3284 sacris
1107 3224 1193 3285 Galli

188 3326 375 3386 Graecorum
404 3331 622 3390 consuetudine
652 3347 707 3405 per
729 3329 854 3405 longum
883 3327 1030 3404 temporis
1060 3329 1191 3404 spatium

189 3428 357 3488 utebantur.
404 3435 547 3491 Attamen
577 3430 673 3489 multa
702 3439 785 3503 snut,
816 3449 894 3506 qnae
923 3430 994 3488 huic
1023 3429 1191 3488 sententiae

191 3527 387 3597 obluctentur.
429 3534 510 3593 Nam
535 3551 627 3611 quum
650 3531 892 3608 franco-gallica
915 3531 1065 3590 hodierna
1086 3529 1192 3607 lingua

190 3645 230 3684 ex
255 3636 480 3706 septentrionali
501 3635 622 3696 Galliae
646 3641 747 3710 parte,
771 3651 810 3691 ex
833 3631 953 3708 lingua,
978 3649 1055 3707 quae
1080 3631 1191 3688 dicitur

189 3730 313 3806 gaad,
338 3737 484 3816 originem
505 3736 639 3806 duxerit,
670 3731 879 3791 meridionalis
902 3731 977 3788 haec
1000 3729 1123 3788 colonia
1152 3731 1190 3788 ad

187 3831 270 3892 illam
299 3834 433 3916 linguam
462 3836 651 3895 formandam
680 3851 819 3908 magnam
844 3832 906 3891 vim
931 3852 1099 3910 propagare
1128 3851 1190 3890 non

187 3936 298 4010 potuit,
319 3941 376 3998 etsi
396 3957 494 4014 pauca
512 3937 606 3994 verbe
625 3954 664 3992 ex
684 3951 793 4010 graeco
813 3933 897 3992 fonte
917 3935 1013 3993 inlata
1032 3953 1099 3993 esse
1119 3952 1189 3991 con-

185 4037 349 4095 cedendum
370 4047 424 4097 est.
466 4037 556 4111 Quod
576 4055 648 4096 vero
668 4035 708 4094 ad
728 4054 906 4096 concursum
921 4034 1080 4096 Gallorum
1094 4033 1189 4092 Grae-

1021 4139 1038 4193 1
