<?xml version="1.0" encoding="UTF-8"?>
<!DOCTYPE html PUBLIC "-//W3C//DTD XHTML 1.0 Transitional//EN"
    "http://www.w3.org/TR/xhtml1/DTD/xhtml1-transitional.dtd">
<html xmlns="http://www.w3.org/1999/xhtml" xml:lang="en" lang="en">
 <head>
  <title>
</title>
<meta http-equiv="Content-Type" content="text/html;charset=utf-8" />
  <meta name='ocr-system' content='tesseract 3.04.00' />
  <meta name='ocr-capabilities' content='ocr_page ocr_carea ocr_par ocr_line ocrx_word'/>
</head>
<body>
  <div class='ocr_page' id='page_1' title='image "./deelementisgerm00schagoog_0025.png"; bbox 0 0 3114 5194; ppageno 0'>
   <div class='ocr_carea' id='block_1_1' title="bbox 715 559 981 630">
    <p class='ocr_par' dir='ltr' id='par_1_1' title="bbox 715 559 981 630">
     <span class='ocr_line' id='line_1_1' title="bbox 715 559 981 630; baseline -0.004 -22"><span class='ocrx_word' id='word_1_1' title='bbox 715 559 981 630; x_wconf 65' lang='lat'>...10-</span> 
     </span>
    </p>
   </div>
   <div class='ocr_carea' id='block_1_2' title="bbox 279 725 1351 1828">
    <p class='ocr_par' dir='ltr' id='par_1_2' title="bbox 279 725 1351 1828">
     <span class='ocr_line' id='line_1_2' title="bbox 441 725 1258 804; baseline 0.005 -20"><span class='ocrx_word' id='word_1_2' title='bbox 441 725 478 785; x_wconf 79' lang='lat' dir='ltr'>lte</span> <span class='ocrx_word' id='word_1_3' title='bbox 495 725 634 786; x_wconf 71' lang='lat' dir='ltr'>inuno</span> <span class='ocrx_word' id='word_1_4' title='bbox 651 725 801 788; x_wconf 73' lang='lat' dir='ltr'>burrum</span> <span class='ocrx_word' id='word_1_5' title='bbox 818 729 1088 804; x_wconf 70' lang='lat' dir='ltr'>geminumque</span> <span class='ocrx_word' id='word_1_6' title='bbox 1105 729 1258 790; x_wconf 73' lang='lat' dir='ltr'>corboran.</span> 
     </span>
     <span class='ocr_line' id='line_1_3' title="bbox 425 833 1349 916; baseline 0 -22"><span class='ocrx_word' id='word_1_7' title='bbox 425 833 558 894; x_wconf 82' lang='lat' dir='ltr'>Gothica</span> <span class='ocrx_word' id='word_1_8' title='bbox 581 843 670 914; x_wconf 86' lang='lat' dir='ltr'>atqua</span> <span class='ocrx_word' id='word_1_9' title='bbox 695 838 785 896; x_wconf 85' lang='lat' dir='ltr'>etiam</span> <span class='ocrx_word' id='word_1_10' title='bbox 808 837 1109 916; x_wconf 86' lang='lat' dir='ltr'>antiquo-teutonica</span> <span class='ocrx_word' id='word_1_11' title='bbox 1130 837 1235 914; x_wconf 89' lang='lat' dir='ltr'>lingua</span> <span class='ocrx_word' id='word_1_12' title='bbox 1259 855 1349 914; x_wconf 90' lang='lat' dir='ltr'>quum</span> 
     </span>
     <span class='ocr_line' id='line_1_4' title="bbox 347 937 1350 1016; baseline 0 -20"><span class='ocrx_word' id='word_1_13' title='bbox 347 937 552 1014; x_wconf 78' lang='lat' dir='ltr'><strong>grammaticis</strong></span> <span class='ocrx_word' id='word_1_14' title='bbox 574 938 606 994; x_wconf 94' lang='lat' dir='ltr'>in</span> <span class='ocrx_word' id='word_1_15' title='bbox 620 937 726 999; x_wconf 86' lang='lat' dir='ltr'>formls</span> <span class='ocrx_word' id='word_1_16' title='bbox 746 947 808 998; x_wconf 85' lang='lat' dir='ltr'>turn</span> <span class='ocrx_word' id='word_1_17' title='bbox 829 941 860 998; x_wconf 92' lang='lat' dir='ltr'>in</span> <span class='ocrx_word' id='word_1_18' title='bbox 874 938 1020 1014; x_wconf 82' lang='lat' dir='ltr'>stirpibus</span> <span class='ocrx_word' id='word_1_19' title='bbox 1034 938 1146 999; x_wconf 84' lang='lat' dir='ltr'>latinae</span> <span class='ocrx_word' id='word_1_20' title='bbox 1166 947 1226 997; x_wconf 81' lang='lat' dir='ltr'>tam</span> <span class='ocrx_word' id='word_1_21' title='bbox 1241 946 1350 1016; x_wconf 85' lang='lat' dir='ltr'>agnata</span> 
     </span>
     <span class='ocr_line' id='line_1_5' title="bbox 347 1039 1351 1117; baseline 0.001 -21"><span class='ocrx_word' id='word_1_22' title='bbox 347 1048 404 1110; x_wconf 85' lang='lat' dir='ltr'>est,</span> <span class='ocrx_word' id='word_1_23' title='bbox 424 1047 457 1097; x_wconf 92' lang='lat' dir='ltr'>ut</span> <span class='ocrx_word' id='word_1_24' title='bbox 476 1039 620 1098; x_wconf 82' lang='lat' dir='ltr'>facillime</span> <span class='ocrx_word' id='word_1_25' title='bbox 640 1041 672 1097; x_wconf 91' lang='lat' dir='ltr'>in</span> <span class='ocrx_word' id='word_1_26' title='bbox 690 1041 792 1100; x_wconf 83' lang='lat' dir='ltr'>verbis</span> <span class='ocrx_word' id='word_1_27' title='bbox 812 1061 832 1100; x_wconf 88' lang='lat' dir='ltr'>a</span> <span class='ocrx_word' id='word_1_28' title='bbox 850 1041 946 1100; x_wconf 87' lang='lat' dir='ltr'>latina</span> <span class='ocrx_word' id='word_1_29' title='bbox 963 1040 1081 1117; x_wconf 86' lang='lat' dir='ltr'>origine</span> <span class='ocrx_word' id='word_1_30' title='bbox 1100 1039 1351 1100; x_wconf 75' lang='lat' dir='ltr'>descendentibus</span> 
     </span>
     <span class='ocr_line' id='line_1_6' title="bbox 346 1141 1350 1220; baseline 0.001 -22"><span class='ocrx_word' id='word_1_31' title='bbox 346 1141 424 1200; x_wconf 89' lang='lat' dir='ltr'>elius</span> <span class='ocrx_word' id='word_1_32' title='bbox 444 1141 580 1214; x_wconf 84' lang='lat' dir='ltr'>latinam,</span> <span class='ocrx_word' id='word_1_33' title='bbox 603 1142 681 1202; x_wconf 82' lang='lat' dir='ltr'>alius</span> <span class='ocrx_word' id='word_1_34' title='bbox 701 1145 903 1220; x_wconf 78' lang='lat' dir='ltr'>germanicam</span> <span class='ocrx_word' id='word_1_35' title='bbox 923 1143 1055 1201; x_wconf 85' lang='lat' dir='ltr'>radicem</span> <span class='ocrx_word' id='word_1_36' title='bbox 1074 1143 1207 1220; x_wconf 87' lang='lat' dir='ltr'>reperire</span> <span class='ocrx_word' id='word_1_37' title='bbox 1227 1141 1287 1200; x_wconf 89' lang='lat' dir='ltr'>sibi</span> <span class='ocrx_word' id='word_1_38' title='bbox 1307 1141 1350 1199; x_wconf 89' lang='lat' dir='ltr'>vi-</span> 
     </span>
     <span class='ocr_line' id='line_1_7' title="bbox 279 1242 1350 1319; baseline 0 -19"><span class='ocrx_word' id='word_1_39' title='bbox 279 1307 280 1312; x_wconf 13' lang='lat'><em>*</em></span> <span class='ocrx_word' id='word_1_40' title='bbox 346 1244 465 1316; x_wconf 77' lang='lat' dir='ltr'>deutur,</span> <span class='ocrx_word' id='word_1_41' title='bbox 495 1252 525 1302; x_wconf 90' lang='lat' dir='ltr'>et</span> <span class='ocrx_word' id='word_1_42' title='bbox 548 1243 709 1302; x_wconf 88' lang='lat' dir='ltr'>multorum</span> <span class='ocrx_word' id='word_1_43' title='bbox 736 1245 896 1302; x_wconf 85' lang='lat' dir='ltr'>verborum</span> <span class='ocrx_word' id='word_1_44' title='bbox 925 1244 1005 1303; x_wconf 85' lang='lat' dir='ltr'>infra</span> <span class='ocrx_word' id='word_1_45' title='bbox 1033 1252 1239 1304; x_wconf 84' lang='lat' dir='ltr'>enarraturum</span> <span class='ocrx_word' id='word_1_46' title='bbox 1263 1242 1350 1319; x_wconf 87' lang='lat' dir='ltr'>origo</span> 
     </span>
     <span class='ocr_line' id='line_1_8' title="bbox 346 1345 1350 1423; baseline 0 -21"><span class='ocrx_word' id='word_1_47' title='bbox 346 1345 450 1421; x_wconf 80' lang='lat' dir='ltr'>biceps</span> <span class='ocrx_word' id='word_1_48' title='bbox 464 1353 591 1404; x_wconf 90' lang='lat' dir='ltr'>maneat.</span> <span class='ocrx_word' id='word_1_49' title='bbox 624 1347 724 1423; x_wconf 83' lang='lat' dir='ltr'><strong>Atque</strong></span> <span class='ocrx_word' id='word_1_50' title='bbox 743 1347 817 1404; x_wconf 90' lang='lat' dir='ltr'>haec</span> <span class='ocrx_word' id='word_1_51' title='bbox 837 1345 968 1404; x_wconf 85' lang='lat' dir='ltr'>affinitas</span> <span class='ocrx_word' id='word_1_52' title='bbox 986 1345 1176 1422; x_wconf 72' lang='lat' dir='ltr'>germanicae</span> <span class='ocrx_word' id='word_1_53' title='bbox 1196 1353 1226 1404; x_wconf 91' lang='lat' dir='ltr'>et</span> <span class='ocrx_word' id='word_1_54' title='bbox 1238 1345 1350 1403; x_wconf 91' lang='lat' dir='ltr'>latinae</span> 
     </span>
     <span class='ocr_line' id='line_1_9' title="bbox 345 1446 1351 1526; baseline 0 -23"><span class='ocrx_word' id='word_1_55' title='bbox 345 1447 467 1524; x_wconf 87' lang='lat' dir='ltr'>linguae</span> <span class='ocrx_word' id='word_1_56' title='bbox 487 1446 600 1518; x_wconf 85' lang='lat' dir='ltr'>effecit,</span> <span class='ocrx_word' id='word_1_57' title='bbox 620 1454 733 1505; x_wconf 84' lang='lat' dir='ltr'>uttam</span> <span class='ocrx_word' id='word_1_58' title='bbox 754 1447 838 1505; x_wconf 89' lang='lat' dir='ltr'>brevi</span> <span class='ocrx_word' id='word_1_59' title='bbox 858 1454 993 1522; x_wconf 86' lang='lat' dir='ltr'>tempore</span> <span class='ocrx_word' id='word_1_60' title='bbox 1012 1447 1216 1526; x_wconf 20' lang='lat' dir='ltr'>novetlingua</span> <span class='ocrx_word' id='word_1_61' title='bbox 1234 1447 1351 1504; x_wconf 81' lang='lat' dir='ltr'>franco·</span> 
     </span>
     <span class='ocr_line' id='line_1_10' title="bbox 347 1547 1351 1625; baseline -0.002 -20"><span class='ocrx_word' id='word_1_62' title='bbox 347 1548 458 1625; x_wconf 86' lang='lat' dir='ltr'>gallica</span> <span class='ocrx_word' id='word_1_63' title='bbox 477 1548 641 1606; x_wconf 85' lang='lat' dir='ltr'>emerserit.</span> <span class='ocrx_word' id='word_1_64' title='bbox 685 1547 849 1605; x_wconf 84' lang='lat' dir='ltr'>Latissime</span> <span class='ocrx_word' id='word_1_65' title='bbox 874 1554 957 1622; x_wconf 90' lang='lat' dir='ltr'>patet</span> <span class='ocrx_word' id='word_1_66' title='bbox 980 1547 1170 1605; x_wconf 87' lang='lat' dir='ltr'>necessitudo</span> <span class='ocrx_word' id='word_1_67' title='bbox 1190 1549 1351 1606; x_wconf 88' lang='lat' dir='ltr'>verborum</span> 
     </span>
     <span class='ocr_line' id='line_1_11' title="bbox 346 1647 1350 1725; baseline -0.001 -18"><span class='ocrx_word' id='word_1_68' title='bbox 346 1649 481 1707; x_wconf 84' lang='lat' dir='ltr'>vocalem</span> <span class='ocrx_word' id='word_1_69' title='bbox 495 1649 554 1723; x_wconf 82' lang='lat' dir='ltr'>„a“</span> <span class='ocrx_word' id='word_1_70' title='bbox 568 1648 793 1721; x_wconf 72' lang='lat' dir='ltr'>includendam,</span> <span class='ocrx_word' id='word_1_71' title='bbox 813 1648 845 1705; x_wconf 92' lang='lat' dir='ltr'>in</span> <span class='ocrx_word' id='word_1_72' title='bbox 859 1647 968 1725; x_wconf 89' lang='lat' dir='ltr'>quibus</span> <span class='ocrx_word' id='word_1_73' title='bbox 982 1647 1121 1722; x_wconf 81' lang='lat' dir='ltr'>gothicae</span> <span class='ocrx_word' id='word_1_74' title='bbox 1139 1648 1254 1708; x_wconf 85' lang='lat' dir='ltr'>formae</span> <span class='ocrx_word' id='word_1_75' title='bbox 1275 1651 1350 1708; x_wconf 91' lang='lat' dir='ltr'>inte·</span> 
     </span>
     <span class='ocr_line' id='line_1_12' title="bbox 347 1750 723 1828; baseline -0.003 -20"><span class='ocrx_word' id='word_1_76' title='bbox 347 1751 464 1828; x_wconf 82' lang='lat' dir='ltr'>griores</span> <span class='ocrx_word' id='word_1_77' title='bbox 485 1767 553 1809; x_wconf 85' lang='lat' dir='ltr'>esse</span> <span class='ocrx_word' id='word_1_78' title='bbox 572 1750 723 1810; x_wconf 82' lang='lat' dir='ltr'>videntur:</span> 
     </span>
    </p>
   </div>
   <div class='ocr_carea' id='block_1_3' title="bbox 419 1927 1220 3480">
    <p class='ocr_par' dir='ltr' id='par_1_3' title="bbox 419 1927 1220 3480">
     <span class='ocr_line' id='line_1_13' title="bbox 783 1927 912 2014; baseline -0.016 -16"><span class='ocrx_word' id='word_1_79' title='bbox 783 1927 808 1998; x_wconf 71' lang='grc' dir='ltr'><strong>Α</strong></span> <span class='ocrx_word' id='word_1_80' title='bbox 829 1938 912 2014; x_wconf 82' lang='lat' dir='ltr'>goth.</span> 
     </span>
     <span class='ocr_line' id='line_1_14' title="bbox 440 2055 1086 2133; baseline -0.008 -18"><span class='ocrx_word' id='word_1_81' title='bbox 440 2057 512 2133; x_wconf 72' lang='lat' dir='ltr'>aljai</span> <span class='ocrx_word' id='word_1_82' title='bbox 531 2082 566 2108; x_wconf 92' lang='lat'><strong><em>=</em></strong></span> <span class='ocrx_word' id='word_1_83' title='bbox 586 2057 649 2130; x_wconf 81' lang='lat' dir='ltr'>alii,</span> <span class='ocrx_word' id='word_1_84' title='bbox 855 2055 931 2114; x_wconf 84' lang='lat' dir='ltr'>kara</span> <span class='ocrx_word' id='word_1_85' title='bbox 950 2079 985 2104; x_wconf 95' lang='lat'><strong><em>=</em></strong></span> <span class='ocrx_word' id='word_1_86' title='bbox 1004 2073 1086 2125; x_wconf 86' lang='lat' dir='ltr'>cura,</span> 
     </span>
     <span class='ocr_line' id='line_1_15' title="bbox 440 2155 1136 2231; baseline -0.009 -13"><span class='ocrx_word' id='word_1_87' title='bbox 440 2161 534 2218; x_wconf 88' lang='lat' dir='ltr'>marei</span> <span class='ocrx_word' id='word_1_88' title='bbox 554 2183 588 2210; x_wconf 94' lang='lat'>=</span> <span class='ocrx_word' id='word_1_89' title='bbox 608 2178 700 2231; x_wconf 85' lang='lat' dir='ltr'>mare,</span> <span class='ocrx_word' id='word_1_90' title='bbox 855 2155 944 2215; x_wconf 81' lang='lat' dir='ltr'>namb</span> <span class='ocrx_word' id='word_1_91' title='bbox 964 2181 998 2206; x_wconf 89' lang='lat'>=</span> <span class='ocrx_word' id='word_1_92' title='bbox 1017 2173 1136 2226; x_wconf 85' lang='lat' dir='ltr'>nomen,</span> 
     </span>
     <span class='ocr_line' id='line_1_16' title="bbox 439 2257 1121 2339; baseline -0.007 -20"><span class='ocrx_word' id='word_1_93' title='bbox 439 2263 520 2319; x_wconf 88' lang='lat' dir='ltr'>huan</span> <span class='ocrx_word' id='word_1_94' title='bbox 539 2287 574 2312; x_wconf 94' lang='lat'><strong><em>=</em></strong></span> <span class='ocrx_word' id='word_1_95' title='bbox 594 2261 723 2339; x_wconf 85' lang='lat' dir='ltr'>quando,</span> <span class='ocrx_word' id='word_1_96' title='bbox 855 2259 935 2318; x_wconf 88' lang='lat' dir='ltr'>haba</span> <span class='ocrx_word' id='word_1_97' title='bbox 955 2291 992 2299; x_wconf 86' lang='lat'><em>—</em></span> <span class='ocrx_word' id='word_1_98' title='bbox 1012 2257 1121 2327; x_wconf 80' lang='lat' dir='ltr'>habeo,</span> 
     </span>
     <span class='ocr_line' id='line_1_17' title="bbox 439 2359 1104 2440; baseline -0.009 -18"><span class='ocrx_word' id='word_1_99' title='bbox 439 2364 543 2440; x_wconf 85' lang='lat' dir='ltr'>plapja</span> <span class='ocrx_word' id='word_1_100' title='bbox 561 2387 596 2414; x_wconf 71' lang='grc' dir='ltr'><em>ε</em></span> <span class='ocrx_word' id='word_1_101' title='bbox 615 2364 725 2440; x_wconf 84' lang='lat' dir='ltr'>platea,</span> <span class='ocrx_word' id='word_1_102' title='bbox 854 2361 942 2438; x_wconf 70' lang='lat' dir='ltr'>rapjd</span> <span class='ocrx_word' id='word_1_103' title='bbox 961 2385 996 2410; x_wconf 94' lang='lat'>=</span> <span class='ocrx_word' id='word_1_104' title='bbox 1015 2359 1104 2430; x_wconf 87' lang='lat' dir='ltr'>ratio,</span> 
     </span>
     <span class='ocr_line' id='line_1_18' title="bbox 442 2461 1112 2542; baseline -0.009 -18"><span class='ocrx_word' id='word_1_105' title='bbox 442 2483 511 2541; x_wconf 88' lang='lat' dir='ltr'>gras</span> <span class='ocrx_word' id='word_1_106' title='bbox 531 2490 565 2515; x_wconf 96' lang='lat'><strong><em>=</em></strong></span> <span class='ocrx_word' id='word_1_107' title='bbox 585 2484 718 2542; x_wconf 86' lang='lat' dir='ltr'>gramen,</span> <span class='ocrx_word' id='word_1_108' title='bbox 855 2463 922 2522; x_wconf 81' lang='lat' dir='ltr'>blas</span> <span class='ocrx_word' id='word_1_109' title='bbox 941 2487 976 2514; x_wconf 91' lang='lat'><strong><em>=</em></strong></span> <span class='ocrx_word' id='word_1_110' title='bbox 995 2461 1112 2532; x_wconf 80' lang='lat' dir='ltr'>hilaris,</span> 
     </span>
     <span class='ocr_line' id='line_1_19' title="bbox 442 2545 1186 2642; baseline -0.003 -19"><span class='ocrx_word' id='word_1_111' title='bbox 442 2545 590 2625; x_wconf 76' lang='lat' dir='ltr'>asilus:</span> <span class='ocrx_word' id='word_1_112' title='bbox 613 2568 727 2640; x_wconf 84' lang='lat' dir='ltr'>asinus,</span> <span class='ocrx_word' id='word_1_113' title='bbox 855 2563 1026 2642; x_wconf 86' lang='lat' dir='ltr'>aggilus-</span> <span class='ocrx_word' id='word_1_114' title='bbox 1052 2563 1186 2640; x_wconf 84' lang='lat' dir='ltr'>angelus,</span> 
     </span>
     <span class='ocr_line' id='line_1_20' title="bbox 442 2665 1220 2740; baseline -0.009 -13"><span class='ocrx_word' id='word_1_115' title='bbox 442 2669 558 2727; x_wconf 87' lang='lat' dir='ltr'>sakkus</span> <span class='ocrx_word' id='word_1_116' title='bbox 578 2693 612 2718; x_wconf 88' lang='lat'><strong><em>=</em></strong></span> <span class='ocrx_word' id='word_1_117' title='bbox 632 2687 747 2740; x_wconf 79' lang='lat' dir='ltr'>saccus,</span> <span class='ocrx_word' id='word_1_118' title='bbox 856 2667 988 2739; x_wconf 88' lang='lat' dir='ltr'>assarjus</span> <span class='ocrx_word' id='word_1_119' title='bbox 1009 2689 1043 2714; x_wconf 90' lang='lat'><strong><em>=</em></strong></span> <span class='ocrx_word' id='word_1_120' title='bbox 1062 2665 1220 2736; x_wconf 83' lang='lat' dir='ltr'>assarium,</span> 
     </span>
     <span class='ocr_line' id='line_1_21' title="bbox 442 2767 1175 2842; baseline -0.008 -14"><span class='ocrx_word' id='word_1_121' title='bbox 442 2770 501 2828; x_wconf 84' lang='lat' dir='ltr'>salt</span> <span class='ocrx_word' id='word_1_122' title='bbox 520 2795 554 2819; x_wconf 93' lang='lat'><strong><em>=</em></strong></span> <span class='ocrx_word' id='word_1_123' title='bbox 574 2770 630 2842; x_wconf 75' lang='lat' dir='ltr'>sal,</span> <span class='ocrx_word' id='word_1_124' title='bbox 856 2767 1043 2824; x_wconf 82' lang='lat' dir='ltr'>karkara:</span> <span class='ocrx_word' id='word_1_125' title='bbox 1063 2784 1175 2837; x_wconf 83' lang='lat' dir='ltr'>carcer,</span> 
     </span>
     <span class='ocr_line' id='line_1_22' title="bbox 442 2861 1094 2948; baseline -0.006 -19"><span class='ocrx_word' id='word_1_126' title='bbox 442 2872 514 2929; x_wconf 88' lang='lat' dir='ltr'>akrs</span> <span class='ocrx_word' id='word_1_127' title='bbox 534 2897 568 2920; x_wconf 97' lang='lat'><strong><em>=</em></strong></span> <span class='ocrx_word' id='word_1_128' title='bbox 588 2891 669 2948; x_wconf 82' lang='lat' dir='ltr'>ager,</span> <span class='ocrx_word' id='word_1_129' title='bbox 856 2869 935 2927; x_wconf 85' lang='lat' dir='ltr'>ahva</span> <span class='ocrx_word' id='word_1_130' title='bbox 953 2861 988 2918; x_wconf 72' lang='lat'>=¹</span> <span class='ocrx_word' id='word_1_131' title='bbox 1003 2881 1094 2946; x_wconf 82' lang='lat' dir='ltr'>¹aqua,</span> 
     </span>
     <span class='ocr_line' id='line_1_23' title="bbox 441 2970 1112 3048; baseline -0.003 -18"><span class='ocrx_word' id='word_1_132' title='bbox 441 2973 542 3048; x_wconf 85' lang='lat' dir='ltr'>faskja</span> <span class='ocrx_word' id='word_1_133' title='bbox 560 2997 595 3022; x_wconf 95' lang='lat'>=</span> <span class='ocrx_word' id='word_1_134' title='bbox 613 2973 718 3044; x_wconf 77' lang='lat' dir='ltr'>fascia,</span> <span class='ocrx_word' id='word_1_135' title='bbox 856 2971 935 3030; x_wconf 84' lang='lat' dir='ltr'>vasti</span> <span class='ocrx_word' id='word_1_136' title='bbox 955 2995 989 3020; x_wconf 95' lang='lat'><strong><em>=</em></strong></span> <span class='ocrx_word' id='word_1_137' title='bbox 1008 2970 1112 3040; x_wconf 76' lang='lat' dir='ltr'>vestis,</span> 
     </span>
     <span class='ocr_line' id='line_1_24' title="bbox 442 3073 1097 3150; baseline -0.006 -18"><span class='ocrx_word' id='word_1_138' title='bbox 442 3074 524 3149; x_wconf 81' lang='lat' dir='ltr'>halja</span> <span class='ocrx_word' id='word_1_139' title='bbox 542 3099 576 3123; x_wconf 96' lang='lat'><strong><em>=</em></strong></span> <span class='ocrx_word' id='word_1_140' title='bbox 596 3075 693 3150; x_wconf 75' lang='lat' dir='ltr'>capio,</span> <span class='ocrx_word' id='word_1_141' title='bbox 857 3073 939 3130; x_wconf 84' lang='lat' dir='ltr'>atisk</span> <span class='ocrx_word' id='word_1_142' title='bbox 958 3097 993 3120; x_wconf 93' lang='lat'>=</span> <span class='ocrx_word' id='word_1_143' title='bbox 1012 3073 1097 3142; x_wconf 87' lang='lat' dir='ltr'>ador,</span> 
     </span>
     <span class='ocr_line' id='line_1_25' title="bbox 419 3173 1126 3252; baseline -0.007 -17"><span class='ocrx_word' id='word_1_144' title='bbox 419 3203 426 3220; x_wconf 51' lang='lat' dir='ltr'>x</span> <span class='ocrx_word' id='word_1_145' title='bbox 442 3195 513 3252; x_wconf 79' lang='lat' dir='ltr'>seps</span> <span class='ocrx_word' id='word_1_146' title='bbox 533 3199 567 3225; x_wconf 89' lang='lat'>=</span> <span class='ocrx_word' id='word_1_147' title='bbox 587 3183 680 3246; x_wconf 85' lang='lat' dir='ltr'>satur,</span> <span class='ocrx_word' id='word_1_148' title='bbox 857 3173 937 3232; x_wconf 88' lang='lat' dir='ltr'>bafts</span> <span class='ocrx_word' id='word_1_149' title='bbox 957 3197 991 3222; x_wconf 90' lang='lat'>=</span> <span class='ocrx_word' id='word_1_150' title='bbox 1007 3181 1126 3248; x_wconf 82' lang='lat' dir='ltr'>captus,</span> 
     </span>
     <span class='ocr_line' id='line_1_26' title="bbox 443 3254 802 3356; baseline 0 -20"><span class='ocrx_word' id='word_1_151' title='bbox 443 3267 557 3356; x_wconf 59' lang='lat' dir='ltr'>aggv&#39;us</span> <span class='ocrx_word' id='word_1_152' title='bbox 577 3303 611 3328; x_wconf 87' lang='lat'><strong><em>=</em></strong></span> <span class='ocrx_word' id='word_1_153' title='bbox 631 3254 802 3354; x_wconf 55' lang='lat' dir='ltr'>angustum</span> 
     </span>
     <span class='ocr_line' id='line_1_27' title="bbox 722 3409 978 3480; baseline -0.008 0"><span class='ocrx_word' id='word_1_154' title='bbox 722 3409 746 3480; x_wconf 68' lang='lat' dir='ltr'>b</span> <span class='ocrx_word' id='word_1_155' title='bbox 768 3421 876 3480; x_wconf 87' lang='lat' dir='ltr'>transit</span> <span class='ocrx_word' id='word_1_156' title='bbox 896 3422 927 3478; x_wconf 93' lang='lat' dir='ltr'>in</span> <span class='ocrx_word' id='word_1_157' title='bbox 950 3428 978 3480; x_wconf 84' lang='lat'>⁰.</span> 
     </span>
    </p>
   </div>
   <div class='ocr_carea' id='block_1_4' title="bbox 443 3529 1137 3810">
    <p class='ocr_par' dir='ltr' id='par_1_4' title="bbox 443 3529 1137 3810">
     <span class='ocr_line' id='line_1_28' title="bbox 443 3529 1107 3604; baseline -0.008 -14"><span class='ocrx_word' id='word_1_158' title='bbox 443 3533 523 3590; x_wconf 85' lang='lat' dir='ltr'>mala</span> <span class='ocrx_word' id='word_1_159' title='bbox 542 3557 576 3582; x_wconf 95' lang='lat'><strong><em>=</em></strong></span> <span class='ocrx_word' id='word_1_160' title='bbox 596 3531 688 3604; x_wconf 81' lang='lat' dir='ltr'>molo,</span> <span class='ocrx_word' id='word_1_161' title='bbox 827 3582 830 3588; x_wconf 95' lang='lat'><em>.</em></span> <span class='ocrx_word' id='word_1_162' title='bbox 858 3529 925 3588; x_wconf 76' lang='lat' dir='ltr'>aldv</span> <span class='ocrx_word' id='word_1_163' title='bbox 944 3555 978 3579; x_wconf 96' lang='lat'><strong><em>=</em></strong></span> <span class='ocrx_word' id='word_1_164' title='bbox 998 3529 1107 3600; x_wconf 83' lang='lat' dir='ltr'>oleum,</span> 
     </span>
     <span class='ocr_line' id='line_1_29' title="bbox 444 3631 1137 3712; baseline -0.009 -20"><span class='ocrx_word' id='word_1_165' title='bbox 444 3638 537 3710; x_wconf 85' lang='lat' dir='ltr'>tamja</span> <span class='ocrx_word' id='word_1_166' title='bbox 555 3660 589 3684; x_wconf 95' lang='lat'><strong><em>=</em></strong></span> <span class='ocrx_word' id='word_1_167' title='bbox 609 3635 709 3705; x_wconf 81' lang='lat' dir='ltr'>dome,</span> <span class='ocrx_word' id='word_1_168' title='bbox 856 3633 944 3712; x_wconf 82' lang='lat' dir='ltr'>lagga</span> <span class='ocrx_word' id='word_1_169' title='bbox 964 3658 998 3682; x_wconf 95' lang='lat'><strong><em>=</em></strong></span> <span class='ocrx_word' id='word_1_170' title='bbox 1016 3631 1137 3708; x_wconf 87' lang='lat' dir='ltr'>longua,</span> 
     </span>
     <span class='ocr_line' id='line_1_30' title="bbox 444 3733 1113 3810; baseline -0.006 -16"><span class='ocrx_word' id='word_1_171' title='bbox 444 3737 533 3795; x_wconf 87' lang='lat' dir='ltr'>nahts</span> <span class='ocrx_word' id='word_1_172' title='bbox 554 3763 588 3786; x_wconf 96' lang='lat'><strong><em>=</em></strong></span> <span class='ocrx_word' id='word_1_173' title='bbox 608 3756 679 3810; x_wconf 84' lang='lat' dir='ltr'>nox,</span> <span class='ocrx_word' id='word_1_174' title='bbox 858 3736 937 3794; x_wconf 85' lang='lat' dir='ltr'>vaka</span> <span class='ocrx_word' id='word_1_175' title='bbox 956 3759 990 3783; x_wconf 95' lang='lat'><strong><em>=</em></strong></span> <span class='ocrx_word' id='word_1_176' title='bbox 1010 3733 1113 3810; x_wconf 88' lang='lat' dir='ltr'>vigilo.</span> 
     </span>
    </p>
   </div>
   <div class='ocr_carea' id='block_1_5' title="bbox 735 3868 967 3940">
    <p class='ocr_par' dir='ltr' id='par_1_5' title="bbox 735 3868 967 3940">
     <span class='ocr_line' id='line_1_31' title="bbox 735 3868 967 3940; baseline -0.017 0"><span class='ocrx_word' id='word_1_177' title='bbox 735 3868 759 3940; x_wconf 71' lang='lat' dir='ltr'>d</span> <span class='ocrx_word' id='word_1_178' title='bbox 781 3887 967 3937; x_wconf 89' lang='lat' dir='ltr'>ant-teuton.</span> 
     </span>
    </p>
   </div>
   <div class='ocr_carea' id='block_1_6' title="bbox 453 3988 1250 4172">
    <p class='ocr_par' dir='ltr' id='par_1_6' title="bbox 453 3988 1250 4172">
     <span class='ocr_line' id='line_1_32' title="bbox 453 3988 1164 4062; baseline -0.02 -11"><span class='ocrx_word' id='word_1_179' title='bbox 453 4002 579 4051; x_wconf 79' lang='lat' dir='ltr'>cnut:</span> <span class='ocrx_word' id='word_1_180' title='bbox 599 4010 682 4062; x_wconf 78' lang='lat' dir='ltr'>anas,</span> <span class='ocrx_word' id='word_1_181' title='bbox 749 4032 754 4042; x_wconf 82' lang='lat'><strong>·</strong></span> <span class='ocrx_word' id='word_1_182' title='bbox 850 3988 972 4047; x_wconf 84' lang='lat' dir='ltr'>monbm</span> <span class='ocrx_word' id='word_1_183' title='bbox 991 4013 1025 4038; x_wconf 89' lang='lat'><strong><em>=</em></strong></span> <span class='ocrx_word' id='word_1_184' title='bbox 1045 4001 1164 4052; x_wconf 73' lang='lat' dir='ltr'>moneo,</span> 
     </span>
     <span class='ocr_line' id='line_1_33' title="bbox 453 4081 1250 4172; baseline -0.015 -20"><span class='ocrx_word' id='word_1_185' title='bbox 453 4095 561 4172; x_wconf 77' lang='lat' dir='ltr'>bapdm</span> <span class='ocrx_word' id='word_1_186' title='bbox 581 4120 615 4144; x_wconf 94' lang='lat'><strong><em>=</em></strong></span> <span class='ocrx_word' id='word_1_187' title='bbox 634 4095 742 4164; x_wconf 82' lang='lat' dir='ltr'>habco,</span> <span class='ocrx_word' id='word_1_188' title='bbox 852 4091 942 4147; x_wconf 83' lang='lat' dir='ltr'>mcko</span> <span class='ocrx_word' id='word_1_189' title='bbox 962 4113 996 4136; x_wconf 95' lang='lat'><strong><em>=</em></strong></span> <span class='ocrx_word' id='word_1_190' title='bbox 1014 4083 1102 4160; x_wconf 79' lang='lat' dir='ltr'>(sto)</span> <span class='ocrx_word' id='word_1_191' title='bbox 1117 4081 1250 4154; x_wconf 81' lang='lat' dir='ltr'>machus,</span> 
     </span>
    </p>
   </div>
   <div class='ocr_carea' id='block_1_7' title="bbox 0 0 1568 5194">
    <p class='ocr_par' dir='ltr' id='par_1_7' title="bbox 0 0 1568 5194">
     <span class='ocr_line' id='line_1_34' title="bbox 0 0 1568 5194; baseline 0 0"><span class='ocrx_word' id='word_1_192' title='bbox 0 0 1568 5194; x_wconf 95' lang='lat' dir='ltr'> </span> 
     </span>
    </p>
   </div>
  </div>
 </body>
</html>
